1865 2935
587 148 819 200 26.Augusti
841 153 953 197 1769.
1373 162 1420 200 ες

100 198 189 238 Viri
208 199 492 248 impotentiam
510 209 751 250 perpetuam
770 227 781 244 ,
810 202 846 245 ὃς
864 201 1091 242 absolutam
1122 203 1198 243 effe
1213 227 1227 247 ‚
1259 217 1333 246 nec
1367 212 1414 249 ab

100 263 242 291 eorum
257 253 411 297 judicio
439 251 516 294 effe
529 252 803 296 recedendum
818 253 899 296 Rot,
917 255 966 294 ad
980 255 1111 298 Ornat,
1129 257 1241 301 Card,
1259 260 1304 299 de
1317 260 1406 302 Luc„

101 305 164 343 lib.
175 318 234 354 14.
248 306 356 354 dect]
367 310 576 348 1o.num.8.

50 355 142 395 Nec
153 354 281 396 obesse
297 357 572 401 deficientiam
591 359 685 400 vitii
702 357 867 400 visibilis
885 372 895 400 z
925 372 1016 400 nam
1037 360 1234 409 inprimis
1253 365 1329 404 hoc
1349 377 1413 408 re-

101 410 163 447 Ste
182 408 406 449 desumitur
422 422 469 449 ex
489 413 593 453 mala
613 410 791 459 corporis
810 413 1057 455 hebetudine
1076 436 1088 456 ‚
1104 414 1141 454 δε
1159 427 1205 454 ex
1222 418 1411 465 paralysis

99 461 239 499 morbo
258 486 271 504 ,
300 475 379 512 quo
397 462 472 504 Vir
500 477 522 504 a
537 465 731 505 diuturno
749 470 935 511 tempore
951 473 1118 505 vexatur
1136 495 1145 504 .
1175 466 1338 515 Insuper
1349 481 1411 508 ar-

101 513 156 551 tis
176 512 303 553 Periti
321 516 556 560 advertunt,
574 515 866 563 impotentiam
879 541 891 560 ,
909 516 1032 556 aliam
1054 516 1129 557 effe
1147 520 1382 561 evidentem
1400 545 1416 565 ³

99 563 223 604 aliam
236 568 523 608 verosimiliter
539 569 779 609 evidentem
796 592 808 610 ‚
836 568 957 608 aliam
978 580 1073 608 vcro
1092 569 1280 611 dubiam:
1312 573 1416 615 licet

100 625 240 656 autem
275 622 324 658 ob
352 620 558 663 defeetum
591 620 685 660 vitii
716 619 883 660 visibilis
923 618 1025 659 defit
1053 620 1298 667 impotentia
1328 625 1416 664 evi-

97 667 195 708 dens
211 695 223 716 ,
241 681 318 710 non
335 682 475 713 tamen
490 672 738 715 desideratur
754 671 998 720 impotentia
1019 674 1307 715 verosimiliter
1325 678 1414 717 evi-

98 719 195 760 dens
213 734 259 761 ex
275 724 390 774 signis
404 725 526 765 certis
545 751 557 770 ,
573 726 611 765 Sc
629 724 909 766 evidentibus:
944 723 1036 761 hinc
1053 726 1322 770 concludunt,
1339 729 1413 768 sta-

101 772 178 811 tim
198 774 332 816 locum
347 776 423 818 else
436 776 692 817 dissolutioni
709 776 887 824 conjugii
902 799 914 819 ‚
930 775 1044 818 nullo
1061 776 1254 823 priemiffo
1286 779 1411 819 trien·-

96 825 502 880 nali‘experimeiitO,
536 830 602 867 cui
620 837 781 870 tantum
800 829 914 867 locus
942 828 996 868 cst
1023 828 1407 878 quandoimpoteu-

99 883 157 913 tia
170 877 217 916 fit
233 878 349 920 dubia
365 907 377 925 ‚
406 893 484 920 non
515 894 612 920 vero
646 880 804 931 quando
835 881 881 918 sit
910 880 1199 922 verosimiliter
1231 882 1403 923 evidens

96 929 182 966 Rot.
202 944 313 971 recen.
331 934 441 984 decis.
458 938 550 982 695.
569 946 665 975 num.
687 946 719 972 2.
731 941 829 984 part.
855 946 887 974 ι,
907 955 921 976 ‚
953 932 1102 980 costam.
1120 934 1268 975 vonuhr.
1286 944 1395 978 sae.

98 982 141 1022 &¹
157 982 224 1032 seq
249 1011 259 1022 .

44 1033 193 1073 Contra
208 998 303 1075 vqero
322 1038 521 1078 Defensor
537 1038 795 1078 Matrimonii
812 1036 948 1089 inquit
962 1061 976 1082 ‚
1004 1049 1051 1076 ex
1068 1037 1149 1086 ipsa
1174 1037 1410 1078 Peritorum

92 1085 293 1128 relatione
308 1092 487 1131 constare
502 1115 515 1135 ,
531 1091 690 1130 nullum
706 1089 859 1129 visibile
875 1088 1025 1127 vitium
1043 1089 1082 1127 in
1102 1089 1204 1130 Viro
1236 1092 1374 1129 haberi
1393 1115 1409 1136 ‚

93 1138 163 1177 sed
177 1141 312 1179 omnia
326 1143 405 1184 rite
419 1170 431 1189 ,
461 1144 652 1194 recteque
666 1156 687 1182 a
704 1150 847 1181 natura
862 1141 1083 1180 constituta
1100 1140 1176 1179 esse
1189 1155 1203 1182 ,·
1218 1141 1408 1191 Quapro-

89 1199 178 1240 pter
193 1192 321 1233 deesse
339 1204 493 1235 ccrtam
511 1197 801 1244 impotentiam
818 1193 910 1234 Viri
929 1201 1171 1241 perpetuam
1187 1219 1199 1239 ,
1226 1196 1304 1234 fine
1322 1206 1400 1245 qua

88 1242 337 1284 dissolutioni
355 1247 613 1286 Matrimonii
644 1248 757 1285 locus
789 1242 866 1285 effe
896 1245 1040 1295 nequit
1066 1270 1079 1290 ,
1114 1243 1182 1284 sed
1213 1255 1404 1287 tantum..

90 1296 280 1335 triennali
309 1300 605 1340 cohabitationi
630 1324 644 1344 ‚
687 1301 772 1350 Cap.
801 1299 1063 1337 fraternitatis
1093 1298 1139 1337 de
1167 1299 1304 1347 frigid.
1319 1323 1332 1343 ‚
1363 1303 1407 1344 &-

92 1348 242 1394 malefic.

39 1398 170 1438 Fallax
191 1413 286 1439 vero
304 1403 379 1444 effe
405 1405 510 1443 dicit
539 1412 827 1453 argumentum
845 1401 1107 1448 desumptum
1136 1413 1182 1442 ex
1199 1400 1406 1442 fristioni·

85 1453 154 1490 bus
171 1477 183 1494 ‚
214 1451 408 1494 fomentis
425 1482 438 1499 ‚
468 1458 505 1496 Sc
526 1456 853 1496 contrectatione
875 1479 887 1498 ‚
903 1451 1122 1500 praesertim
1139 1454 1190 1491 ob
1205 1466 1406 1495 verecun-

85 1504 192 1541 diam
211 1505 249 1542 in
264 1508 387 1545 nobili
403 1509 505 1548 Viro
521 1508 734 1557 vigentem
762 1509 870 1545 Ann.
890 1506 1039 1543 Rohert.
1058 1518 1185 1543 rerum
1195 1504 1397 1558 jud.lib.4.

85 1565 161 1602 cap.
186 1570 246 1594 ιο.
266 1558 521 1604 „Paralvfim
543 1561 699 1598 veroin
716 1561 899 1596 manlbuS
918 1581 931 1599 ,
964 1557 1198 1612 &brachiis
1219 1557 1304 1612 Viri
1335 1571 1400 1598 ni·-

83 1608 143 1645 hil
161 1619 375 1648 commune
408 1613 551 1650 habere
574 1623 669 1649 cum
687 1611 868 1655 ejusdem
882 1614 1071 1655 potentia
1090 1608 1402 1657 :virginitatem

84 1658 247 1698 demum
264 1662 454 1700 Mulieris
470 1663 549 1709 post
559 1663 686 1700 solam
700 1662 931 1701 semestrem
944 1660 1298 1698 cohabitationem
1315 1674 1402 1700 cer-

81 1718 168 1749 tam
187 1723 263 1750 non
281 1713 509 1760 praeseferre
523 1722 763 1762 perpetuam
779 1710 990 1766 inertiam:
1006 1711 1064 1750 Ex
1080 1712 1141 1750 his
1160 1713 1395 1759 contendit,

83 1762 281 1808 judicium
306 1765 540 1805 Peritorum
566 1777 612 1804 ex
625 1765 750 1804 caufis
767 1790 780 1810 ‚
809 1765 848 1804 Sc
861 1765 979 1812 {ignis
1000 1763 1173 1802 internis
1188 1775 1268 1803 non
1282 1776 1399 1813 appa,

81 1816 262 1855 rentibus
287 1817 579 1868 depromptum
612 1817 1091 1866 praesumptivettantum
1119 1816 1398 1857 verofimilem

82 1865 371 1913 impotentiam
385 1871 632 1910 concludere
648 1896 661 1914 ‚
694 1869 850 1918 prorsus
870 1869 1055 1915 ineptam
1071 1868 1122 1907 ad
1138 1868 1396 1910 matrimonii

81 1917 384 1961 dissolutionem
408 1925 554 1974 absque
586 1922 782 1961 triennali
810 1918 1119 1960 cohabitatione
1144 1923 1318 1966 Sam-hez,
1347 1924 1394 1960 de

83 1974 280 2013 matrimon.
296 1974 402 2020 Iib.7.
421 1976 748 2025 dispaoffinuma.
767 1997 781 2017 ,
809 1973 1060 2011 Bened.X1V.
1077 1975 1123 2011 de
1138 1974 1394 2024 Synod.Dioe-

83 2023 201 2073 tesan.
217 2025 281 2063 lib.
296 2040 334 2074 9.
351 2037 427 2076 cap.
453 2042 512 2067 10.
532 2028 572 2078 ξ.
591 2042 626 2067 2.

28 2069 96 2111 -Ad
133 2077 385 2118 matrimonii
437 2079 744 2119 dissolutionem
776 2104 790 2124 ‚
830 2091 879 2119 ex
922 2076 1079 2131 capite
1105 2078 1364 2127 impotentia:
1383 2105 1397 2126 ,

81 2125 160 2165 duo
184 2137 301 2168 certe
334 2132 568 2179 copulative
608 2133 868 2182 requiruntur
897 2155 911 2175 ‚
953 2130 993 2169 ὃς
1044 2130 1155 2181 quod
1186 2142 1267 2169 non
1304 2129 1397 2175 fue-

78 2176 134 2234 rit
162 2181 495 2236 consummatum
524 2209 537 2228 ,
596 2186 634 2226 ὃς
677 2183 788 2236 quod
844 2183 886 2222 id
927 2194 977 2222 ex
1017 2182 1267 2230 impotentia
1318 2186 1392 2225 ho-

74 2232 194 2268 minis
220 2243 416 2284 perpetua
433 2261 448 2281 ‚
481 2236 744 2277 &insanabili
773 2234 966 2276 evenerit
989 2244 1068 2285 cap.
1089 2249 1120 2273 1.
1141 2237 1185 2279 ἐν
1199 2248 1234 2273 2.
1249 2236 1296 2273 de
1318 2237 1394 2284 sri-

75 2281 155 2334 qu.
181 2308 195 2326 ,
240 2287 285 2327 &¹
304 2287 459 2334 malefic.
486 2318 500 2329 .
543 2290 764 2328 Alterutro
804 2288 1003 2339 siquidem
1032 2287 1253 2327 deficiente
1280 2288 1390 2333 judl-

82 2342 191 2385 cium
216 2347 335 2374 omne
362 2340 476 2379 filere
506 2339 655 2380 debet:
688 2341 784 2379 hinc
798 2341 964 2380 tamctfi
992 2340 1046 2378 de
1065 2339 1248 2383 intaeta,
1276 2340 1313 2378 Sc
1333 2339 1392 2377 inv

77 2383 232 2438 vio-lata
250 2386 426 2430 Muliere
444 2394 596 2431 constet
608 2418 624 2438 ‚
642 2391 845 2442 potissima
858 2391 1056 2439 inspeftio
1072 2388 1152 2429 effe
1168 2389 1289 2428 debet
1307 2389 1388 2433 de*

77 2442 227 2490 V¹t¹.³t0
240 2448 406 2486 corDore
422 2442 542 2487 Viri,
559 2453 773 2494 tamquam
787 2442 837 2482 de
849 2442 1026 2489 subjesfto
1043 2440 1263 2493 quaestionis
1277 2466 1291 2487 ‚
1305 2453 1388 2483 ma-

83 2491 187 2523 terla
206 2510 218 2529 ³
236 2488 272 2526 Sc
286 2487 414 2535 fonte,
431 2495 535 2533 unde
551 2495 657 2533 aetio
668 2495 803 2534 oritur
815 2523 828 2533 .

19 2533 270 2591 Elmpotentia
298 2543 364 2579 vel
383 2553 491 2583 certa
518 2547 565 2584 ab
584 2547 706 2586 initio
740 2549 794 2586 est
822 2546 870 2585 ab
887 2543 1073 2585 evidenti
1102 2544 1208 2585 vitio
1236 2557 1385 2595 prove-

72 2597 184 2627 niens
201 2615 214 2635 ,
233 2591 270 2629 St
283 2592 438 2636 judicio
453 2596 681 2636 Peritorurn
695 2597 968 2646 irreparabilis
982 2610 997 2636 ,⁹
1011 2598 1050 2637 Sc
1064 2604 1374 2647 tunt-‚tanquam

66 2637 119 2677 de
138 2653 180 2679 re
196 2651 307 2682 certa
321 2670 332 2687 ‚
359 2645 397 2683 &
413 2646 624 2692 evidenti,
648 2649 693 2686 in
712 2661 788 2698 qua
815 2649 919 2687 nihil
938 2649 1044 2688 ultra
1073 2648 1373 2697 expectandum

61 2693 116 2731 fit
130 2694 354 2742 ‚judicium
372 2707 449 2738 non
463 2696 665 2749 differtur,
684 2702 768 2742 Can.
786 2701 880 2754 quod
893 2710 1013 2747 autera
1030 2716 1066 2744 ι.
1088 2701 1253 2795 εαπβέζέ
1275 2714 1333 2794 ‘g‘
1344 2714 1378 2740 12

1170 2784 1172 2788 .
1255 2781 1264 2795 .
1313 2764 1387 2796 on->
