1914 2935
541 125 612 160 142
639 165 644 169 1
782 166 788 172 ⁵
877 168 882 172 ·
923 168 926 171 .
987 119 1279 156 mmm-embra
1306 126 1421 169 1769.

522 165 616 205 beat
636 177 674 203 in
692 165 809 205 sacris
831 168 1055 208 ministrare
1073 195 1086 215 ,
1104 183 1175 209 nec
1194 171 1403 212 celebrare
1434 184 1514 211 cum
1541 174 1580 210 in
1608 174 1728 211 dubiis
1744 174 1863 221 fimi<

517 226 593 255 tam
610 217 800 256 debeamus
816 220 952 268 eligere
975 224 1147 260 tutiorem
1167 247 1177 267 ,
1207 227 1250 267 &⁴
1277 228 1315 262 in
1332 229 1395 264 hoc
1414 225 1498 272 casu
1513 225 1647 272 ceffare
1653 227 1703 274 fit
1717 231 1850 273 tutius,

521 281 631 319 quam
655 280 787 308 temere
803 273 982 312 celebrare
1001 303 1011 315 .
1031 275 1167 314 Docet
1185 283 1322 316 tamen
1340 277 1524 317 Giballin.
1539 281 1584 316 de
1598 282 1710 326 irreg.
1731 289 1848 328 cap.4.

508 321 642 371 scil-3.
659 335 754 362 nam.
779 337 838 373 17·
856 324 908 381 ‘id
943 327 1054 366 redte
1070 328 1293 376 procedere
1311 354 1324 373 ‚
1354 331 1516 381 quoties
1551 331 1849 369 homicidium„

515 381 679 431 certum
695 375 1022 435 efficium-umque
1041 379 1300 419 solummodo
1315 384 1474 421 oriatur
1491 383 1544 422 de
1560 384 1723 430 persona
1743 383 1850 433 quod

520 425 626 484 illud
640 428 896 468 commiserit
911 455 925 476 ,
944 443 1021 469 non
1040 440 1177 471 tamen
1196 456 1210 476 ‚
1240 434 1266 471 si
1283 433 1333 474 de
1353 435 1578 474 homicidio
1604 435 1818 474 dubitetur
1837 460 1852 481 ‚

518 492 569 541 an
586 478 690 539 illud
710 479 967 522 commissum
985 481 1113 525 fuerit
1130 509 1143 530 ‚
1157 497 1251 526 cum
1270 487 1345 526 hoc
1363 488 1454 527 casu
1474 488 1753 538 irregularitas
1770 488 1849 526 mi·

520 546 633 574 nime
652 544 884 573 incurratur
901 564 911 576 .

463 587 781 631 ponderandum
807 597 1000 636 praeterea
1030 614 1044 634 ‚
1075 602 1122 629 an
1152 589 1261 630 idem
1288 592 1481 632 Sacerdos
1507 591 1717 632 infamiam
1747 604 1842 633 con·

515 641 689 682 traxerit
705 641 773 679 vel
801 652 848 680 ex
876 642 1034 689 publica
1053 655 1153 682 voce
1175 669 1187 689 ‚
1218 645 1256 683 ὅ(
1274 643 1380 684 fama
1403 645 1440 682 in
1469 644 1579 683 disto
1595 646 1760 695 Oppido
1778 646 1842 684 vi-

511 705 637 747 gente
653 719 665 738 ,
697 694 804 743 quod
832 693 911 742 ipse
937 695 1077 733 aufior
1094 693 1221 734 fuerit
1242 695 1342 735 disti
1371 698 1534 734 abortus
1553 722 1566 741 ,
1601 699 1731 736 velex
1750 698 1840 736 sen-

512 749 646 792 tentia
661 746 792 786 Curiae
807 746 1103 786 Beneventanae
1118 758 1261 787 contra
1281 749 1406 794 ipsum
1429 749 1529 792 lata,
1545 762 1718 799 quorum
1748 762 1841 788 cau-

509 803 549 841 sa
565 799 796 851 irregularis
816 798 1034 844 dijudicari
1067 799 1212 839 debeat
1233 812 1243 838 t
1275 800 1503 839 Praesertim
1529 813 1620 839 cum
1641 801 1838 840 Sacerdos

507 854 667 945 ρωποι·
695 852 885 895 eamdem
913 851 1162 891 sententiam
1193 853 1475 903 acceptaverit
1504 878 1518 898 ,
1546 854 1584 893 Sc
1611 862 1846 905 exequutus:

528 916 634 950 uerit
649 936 660 948 .

457 959 578 1000 Sacra
594 957 871 1009 Congregatio
889 956 929 996 in
946 969 1024 996 una
1041 958 1169 1007 Asten.
1186 959 1475 1006 irregularitatis
1492 970 1530 1001 3.
1549 960 1689 997 Martii
1708 971 1840 1007 1714.,

507 1014 547 1054 in
567 1025 642 1064 qua
657 1014 707 1050 ob
723 1013 908 1051 secutum
937 1010 1207 1050 homicidium
1224 1011 1377 1050 Clerici
1407 1009 1559 1051 Paterii
1585 1011 1834 1050 condemna-

504 1070 569 1106 t'us
587 1078 632 1105 ex
648 1065 771 1104 meris
787 1062 950 1102 indiciis
969 1061 1104 1101 fuerat
1123 1063 1317 1102 Sacerdos
1346 1063 1508 1101 Luzana
1541 1073 1757 1103 contumax
1779 1061 1830 1101 ad

502 1116 871 1158 extraordinariam
887 1125 1046 1163 poenam
1066 1115 1376 1165 quinquennalis
1410 1114 1550 1161 exilii,
1580 1128 1699 1166 quam
1732 1116 1830 1164 post-

502 1170 669 1212 modum
686 1182 762 1218 ope
777 1166 1054 1207 defensionum
1075 1167 1112 1204 in
1129 1176 1266 1206 totum
1285 1166 1468 1206 revocari
1498 1168 1731 1206 obtinuerat
1751 1191 1763 1211 ‚
1791 1168 1829 1207 &

504 1225 701 1262 innocens
715 1219 850 1260 fuerat
864 1218 1098 1257 declaratus
1114 1243 1126 1263 ,
1160 1220 1371 1266 propositis
1388 1219 1521 1257 dubiis
1552 1220 1581 1258 I.
1613 1221 1686 1257 An
1702 1220 1830 1267 conflet

502 1278 547 1314 de
563 1273 894 1322 irregularitatem
910 1271 993 1320 casu
1009 1296 1021 1315 ‚
1055 1275 1097 1315 ἐν
1115 1281 1290 1321 quatenus
1306 1272 1521 1320 affirmative
1538 1301 1547 1310 .
1576 1271 1634 1311 II.
1649 1272 1772 1321 Ansit
1783 1272 1830 1309 Io·

502 1342 561 1368 cus
580 1327 834 1376 difhenfinioni
850 1328 887 1362 in
906 1325 989 1374 easu
1005 1349 1017 1370 ,
1056 1323 1262 1374 respondit
1291 1326 1339 1366 ad
1356 1323 1385 1366 I.
1412 1324 1654 1373 Affirmative
1669 1350 1680 1370 ,
1708 1327 1755 1363 ad
1774 1323 1826 1368 11,

498 1382 695 1432 Negative
708 1409 718 1419 .

452 1433 559 1474 Item
579 1433 616 1472 in
635 1445 710 1471 una
726 1431 958 1476 Laveltana,
976 1430 1045 1478 seu
1061 1432 1222 1468 Romana
1238 1434 1276 1469 6.
1299 1429 1401 1479 ‘Juls'i
1422 1435 1535 1479 1726.
1553 1453 1566 1472 ‚
1599 1429 1637 1467 in
1655 1441 1732 1479 qua
1749 1429 1819 1467 Sa-

500 1485 644 1526 cerdos
663 1496 708 1523 ex
726 1484 849 1524 meris
863 1476 1026 1522 indiciis
1045 1495 1093 1522 ex
1119 1481 1223 1522 dicio
1250 1495 1486 1522 correorum
1500 1481 1726 1530 desumptis
1744 1507 1756 1526 ‚
1772 1481 1822 1520 de

498 1536 675 1578 nefando
693 1536 867 1576 crimine
885 1534 1019 1575 fuerat
1038 1534 1249 1584 inquifitus
1265 1562 1278 1580 ‚
1307 1537 1491 1585 quamvis
1525 1534 1628 1573 illud
1643 1534 1824 1573 constan-

498 1601 563 1630 ter
580 1591 794 1639 negaverit
810 1614 823 1633 ,
851 1590 889 1628 &
908 1589 959 1626 ob
973 1588 1082 1626 suam
1112 1596 1396 1634 paupertatem
1417 1586 1646 1626 indefensus
1666 1612 1679 1631 ‚
1707 1586 1822 1624 dam-

497 1652 617 1682 natus
643 1640 770 1682 fuerit
785 1652 904 1691 poena
922 1639 1241 1680 extraordinaria
1268 1639 1316 1678 ad
1336 1640 1528 1680 triremes
1557 1651 1628 1687 per
1657 1638 1820 1684 septen·

493 1696 607 1734 nium
624 1717 637 1735 a
654 1707 780 1743 quum
799 1694 966 1741 expleto
979 1701 1168 1739 tempore
1190 1703 1316 1739 poenae
1334 1717 1347 1737 ‚
1377 1692 1473 1741 quin
1489 1702 1664 1740 unquam
1700 1689 1823 1729 remi-

491 1745 654 1796 gaverit
668 1774 681 1793 ,
707 1756 846 1801 preces
862 1741 1033 1783 dedisset
1051 1756 1123 1791 pro
1138 1745 1340 1781 facultate
1371 1743 1530 1780 Miffam
1558 1741 1822 1787 celebrandi,

495 1798 701 1849 quaelitum
719 1798 799 1836 tuit
814 1809 858 1833 au
870 1798 994 1844 petitis
1007 1796 1056 1844 sit
1073 1797 1316 1838 annuendum,
1331 1808 1393 1833 nec
1405 1808 1448 1832 ne
1460 1793 1481 1831 Β
1498 1794 1538 1835 S.
1558 1802 1696 1833 autern
1715 1793 1820 1833 Con-

495 1847 683 1902 gregatio
698 1847 905 1898 respondit
921 1848 1118 1895 Negative
1132 1877 1142 1885 .

441 1903 643 1946 Similiter
665 1904 702 1943 in
719 1899 913 1952 Asculana
930 1899 1218 1948 Irregularitatis
1235 1922 1247 1941 ‚
1277 1898 1315 1936 in
1345 1911 1423 1950 qua
1440 1898 1635 1938 Sacerdos
1652 1907 1819 1947 propter

489 1953 762 1999 homicidium
779 1954 912 1992 fuerat
927 1949 1160 1991 diffamatus
1179 1977 1190 1996 ‚
1223 1951 1411 2001 quamvis
1437 1950 1702 1989 substinuisiet
1731 1959 1819 1989 tor·

487 2021 624 2051 turam
642 2035 655 2055 ‚
684 2010 719 2048 Sc
738 2005 893 2046 idcirco
909 2004 1206 2043 condemnatus
1223 2012 1387 2042 tantum
1400 2000 1535 2041 fuisset
1550 2003 1599 2042 ad
1617 2003 1785 2042 exilium
1803 2029 1817 2048 ‚

488 2075 581 2103 cum
597 2061 828 2101 dubitatum
848 2056 1010 2095 subinde
1029 2055 1218 2094 extiterit
1236 2067 1282 2092 an
1301 2054 1396 2095 esset
1414 2053 1648 2093 diffamatus
1666 2080 1678 2097 ,
1696 2057 1733 2093 S<
1752 2055 1815 2093 di-

488 2116 526 2155 ci
540 2113 663 2163 posset
696 2108 934 2160 irregularis
954 2135 966 2153 ‚
995 2108 1080 2146 Sac.
1108 2108 1385 2156 Congregatio
1413 2108 1472 2144 die
1502 2112 1538 2148 8.
1573 2107 1676 2156 Julis·
1697 2115 1811 2154 1690.

486 2166 644 2210 censuit
662 2162 774 2204 fuisse
792 2160 1048 2200 diffamatum
1065 2185 1076 2203 ‚
1096 2161 1135 2199 Ca:
1152 2171 1230 2197 non
1247 2157 1322 2198 effe
1341 2158 1650 2207 dispensandum
1664 2187 1674 2199 .

430 2216 690 2269 Quandoque
711 2225 847 2254 tamen
865 2225 911 2252 ex
928 2213 1084 2251 levibus
1099 2220 1260 2250 tantum
1295 2211 1458 2250 indiciis
1479 2237 1492 2255 ‚
1517 2211 1718 2251 commisii
1745 2211 1814 2250 de-

486 2272 576 2313 licii
592 2268 770 2310 credidit
788 2266 874 2304 Sac.
890 2264 1168 2314 congregatio
1199 2275 1272 2302 nec
1296 2263 1641 2312 irregularitatem
1665 2262 1811 2304 fuisse,

486 2323 686 2364 incursam
703 2347 716 2366 ‚
753 2332 825 2357 nec
856 2316 1152 2368 dispensatione
1179 2328 1279 2364 opus
1307 2314 1382 2354 effe
1411 2315 1479 2353 nifi
1495 2316 1544 2354 ad
1570 2316 1780 2356 cautelam
1797 2341 1811 2361 ,

487 2385 534 2416 ut
551 2376 725 2424 prostant
740 2372 925 2418 exempla
942 2370 981 2408 in
998 2370 1207 2416 Vigilien.2
1214 2381 1248 2411 3.
1265 2369 1485 2417 Septembris
1506 2372 1554 2405 16
1557 2380 1576 2413 7
1583 2380 1636 2411 3.,
1649 2371 1687 2405 in
1702 2366 1816 2405 Mili-

486 2425 859 2477 ten.1rregularitatis
884 2437 944 2461 10.
961 2423 1185 2460 Novembris
1210 2425 1321 2469 1674.
1340 2447 1352 2464 ‚
1382 2425 1419 2457 in
1440 2420 1650 2470 Tyrasonen.
1665 2421 1811 2469 Irregu-

484 2483 650 2520 inritatis
667 2492 705 2524 3.
719 2475 884 2525 Augusti·
905 2480 1018 2518 1665.
1035 2500 1047 2519 ‚
1062 2479 1100 2512 in
1120 2475 1298 2520 vgemina
1324 2474 1613 2522 Irregularitatix
1630 2485 1692 2519 27.
1706 2475 1810 2512 Mars

485 2537 531 2571 tii
550 2538 666 2580 1677.
685 2556 698 2576 ‚
721 2532 814 2575 &in
829 2529 1052 2577 Brugnaten.
1073 2541 1133 2566 11.
1153 2526 1384 2575 Julii1693.

432 2586 666 2635 Dignentur
683 2582 776 2622 ideo
793 2580 871 2621 EE.
886 2581 962 2620 PP.
977 2580 1196 2619 decernere
1215 2578 1311 2628 quid
1326 2576 1423 2623 juris
1453 2576 1490 2614 in
1519 2575 1701 2625 praesenti
1718 2575 1808 2614 casu

485 2635 792 2682 dijudicandum
811 2634 856 2671 sit
874 2661 887 2680 ‚
917 2635 955 2673 ἒς
985 2645 1064 2683 quo
1091 2631 1324 2670 clementiae
1355 2628 1479 2678 gradu
1511 2629 1655 2678 dignus
1678 2627 1724 2665 fit
1743 2626 1809 2665 Sa-

478 2689 622 2733 cerdos
639 2688 808 2734 Orator,
824 2688 892 2739 qui
913 2687 992 2737 post
1012 2684 1266 2737 Sententiam
1283 2676 1379 2722 sat‘ii
1400 2681 1602 2730 poenitens
1620 2704 1634 2724 ‚
1669 2679 1707 2718 ὃς
1726 2679 1785 2716 in.

1721 2742 1810 2770 me-
