1914 2935
536 196 608 230 162
1001 182 1300 230 16.‹‘Decembr2's
1325 197 1438 241 1769.

528 242 796 281 inviolabiliter
812 252 957 280 uncant
972 268 986 288 ‚
1018 245 1062 288 &¹
1076 243 1263 290 observent
1277 273 1286 282 .
1320 245 1373 283 Ex
1407 258 1486 295 quo
1516 244 1681 295 quidem
1713 244 1844 293 sequi-

529 304 598 335 tur
617 319 629 339 ‚
665 295 883 344 privilegia
909 296 960 334 de
988 308 1067 334 non
1098 296 1301 335 solvendis
1327 298 1499 336 decimis
1518 323 1529 342 ,
1562 307 1848 348 nequaquam„

530 347 683 387 tollere
699 348 782 386 vim
797 347 1074 386 transaffionis
1091 371 1105 392 ,
1133 360 1204 387 nec
1225 350 1491 388 transat‘iione
1507 350 1660 389 censeri
1676 349 1849 398 deroga-

531 410 623 440 tum
642 423 655 443 ι,
681 399 751 438 nisi
764 398 940 446 expressa
966 400 1015 439 de
1032 402 1102 440 illa
1117 401 1273 440 mentio
1294 403 1486 441 habeatur
1503 430 1514 440 .

480 465 544 507 De
559 452 787 501 privilegiis
804 453 920 500 super
947 453 1208 501 exemptione
1226 465 1246 490 a
1279 454 1541 493 Decimarum
1570 453 1851 502 praestatione„

532 505 797 554 Regularibus
829 504 1052 546 Ordinibus
1082 504 1262 545 concessa
1290 507 1391 545 alias
1419 508 1553 545 at‘tum
1584 508 1634 545 est
1678 507 1715 544 in
1760 505 1847 545 Sac.

528 557 861 607 Congregatione
893 586 903 596 .
931 557 1052 596 Anno
1088 563 1199 604 1728.
1231 559 1416 607 Episcopi
1458 558 1738 607 Painpilonen.
1769 583 1781 603 ‚
1809 559 1848 596 &

530 610 775 653 Barbastren.
794 621 1035 659 ,eorumque
1047 608 1240 658 Capitula
1256 635 1269 654 ‚
1284 612 1320 650 8<
1339 611 1545 650 universus
1563 610 1706 649 Clerus
1727 611 1849 649 Sum-

530 677 600 704 mo
616 661 805 701 Pontifici
822 662 1168 711 supplicaverant,
1195 671 1238 701 ut
1259 663 1474 712 privilegia
1493 662 1756 711 Regularibus
1770 661 1847 700 tri-

530 719 628 757 buta
645 715 695 754 ad
712 714 908 753 terminos
924 714 1023 760 juris
1057 714 1347 753 reducerentur
1366 740 1379 759 ,
1411 716 1592 763 spestata
1626 714 1848 761 praesertim

529 767 773 808 divitiarum
788 768 920 814 copia,
937 767 1078 815 quibus
1099 767 1321 816 Regulares
1341 767 1522 815 exempti
1541 766 1819 806 redundabant
1835 795 1846 804 .

530 817 718 861 Remiffis
736 818 921 867 precibus
940 819 979 856 S.
998 819 1089 857 huic
1104 817 1427 868 Congregationi
1446 844 1459 864 ‚
1490 819 1556 858 die
1587 832 1648 857 21.
1676 816 1847 868 Augusti

530 873 711 918 ejusdem
741 871 834 910 anni
853 871 1098 917 propositum
1115 869 1196 909 fuit
1216 871 1381 910 dubium
1397 886 1424 906 =
1455 871 1528 909 An
1547 872 1597 920 fit
1627 871 1721 909 locus
1742 871 1849 908 redte-

531 928 638 964 ffloni
648 923 924 973 privilegiorum
938 924 986 960 ad
1001 926 1169 962 terminos
1176 922 1276 976 juris
1293 927 1331 961 t‘n
1350 923 1433 971 casu
1450 927 1522 967 &a
1552 939 1578 960 ;.-
1608 923 1845 973 prodiitque

532 975 765 1024 responsum
791 990 819 1012 ,τ
847 975 1091 1024 Affirmative
1110 974 1229 1027 juxta
1254 977 1396 1013 modum
1412 991 1439 1011 ;.-
1471 976 1602 1012 splodas
1632 986 1751 1014 autera
1765 974 1813 1023 est
1828 998 1844 1020 ,

530 1030 624 1081 quod
639 1028 839 1075 Regulares
872 1041 937 1065 non
956 1030 1127 1065 habentes
1153 1032 1190 1064 in
1217 1028 1423 1076 privilegiis
1454 1027 1651 1075 expreffam
1683 1029 1839 1075 deroga-

533 1087 666 1121 tionem
683 1081 770 1128 Cap.
788 1081 926 1128 Nuper
939 1079 1279 1127 teneantursolvere
1292 1083 1450 1128 integras
1469 1083 1623 1118 decimas
1637 1105 1649 1125 ‚
1682 1081 1841 1128 exceptis

532 1136 628 1173 bonis
646 1158 660 1177 ,
689 1135 732 1175 &⁴
756 1133 857 1169 rebus
874 1133 1087 1180 praescriptis
1107 1135 1147 1168 in
1162 1133 1246 1179 Cap.
1265 1135 1323 1170 Ex
1346 1141 1449 1179 parte
1481 1146 1538 1170 10.
1569 1133 1617 1169 de
1649 1133 1845 1170 Dec-imis:

533 1186 616 1236 Quo
633 1187 719 1223 verb
733 1185 782 1220 ad
797 1184 996 1231 Regulam
1012 1186 1180 1221 habentes
1201 1183 1396 1231 expreffam
1414 1185 1677 1234 derogationem
1695 1185 1733 1222 d.
1755 1185 1843 1231 Cap.

534 1241 672 1286 Jv‘uper
684 1245 746 1285 pro
759 1237 915 1274 omnibus
931 1238 1025 1274 bonis
1045 1238 1090 1273 de
1104 1237 1277 1285 praesenti
1286 1236 1430 1285 peffeffis
1444 1262 1456 1280 ‚
1484 1241 1601 1275 teneri
1630 1238 1679 1274 ad
1693 1236 1850 1285 solutio·

535 1303 616 1330 nem
634 1291 741 1326 unius
753 1298 816 1337 pro
834 1302 850 1325 2
858 1300 892 1331 5.
906 1301 920 1328 5
956 1289 1029 1326 Pro
1057 1289 1152 1326 bonis
1167 1292 1252 1327 verb
1269 1290 1495 1338 acquirendis
1513 1289 1747 1336 infuturum,
1764 1301 1850 1338 quo-

539 1355 692 1392 cumque
719 1339 828 1378 titulo
846 1366 860 1385 ‚
890 1344 1018 1378 teneri*
1039 1342 1087 1377 ad
1112 1344 1289 1389 integram
1311 1342 1501 1379 Decimam
1515 1366 1527 1385 ,
1548 1341 1666 1390 salvis
1690 1352 1848 1378 tamen-.-

536 1394 837 1444 compofitionihus
854 1418 867 1437 ‚
895 1397 937 1437 ὠ*
965 1393 1260 1440 transaflionibus
1292 1408 1319 1429 =
1352 1390 1523 1441 Thefizur.
1556 1393 1658 1442 resol.
1692 1403 1775 1431 tom.
1806 1405 1847 1440 4.

532 1446 592 1495 fil.
606 1458 695 1487 213.
713 1473 724 1484 .
738 1445 791 1483 Et
806 1447 881 1483 hoc
898 1446 1137 1493 rescriptum
1155 1445 1232 1484 fuit
1250 1457 1271 1483 a
1297 1445 1466 1485 Summo
1480 1445 1679 1484 Pontifice
1698 1444 1765 1484 die
1789 1458 1847 1492 19.

539 1497 716 1548 Januarii
750 1509 864 1544 1731.
885 1497 1148 1545 approbatum
1167 1525 1176 1535 .

488 1550 690 1598 Expedito
705 1547 936 1596 proindead
953 1550 1142 1588 tramites
1161 1548 1606 1594 hujusceResolutionis
1620 1547 1856 1595 Apostolico

537 1601 687 1644 Brevi,
706 1600 831 1652 Judex
851 1600 1085 1652 Exequutor
1101 1601 1286 1641 decrevit
1303 1627 1315 1646 ,
1346 1609 1392 1640 ut
1407 1601 1648 1640 Monasteria
1681 1599 1854 1639 Ordinis

537 1653 808 1693 Cistercienfis
835 1652 873 1689 in
903 1662 1075 1702 utraque
1102 1653 1278 1692 Dioecefi
1308 1653 1584 1701 Pampilonen.
1603 1679 1615 1696 ‚
1641 1653 1679 1692 &
1710 1652 1854 1699 Barba-

537 1707 652 1744 stren.
667 1713 854 1751 exempta
884 1704 1008 1742 essent
1022 1718 1043 1742 a
1059 1705 1262 1743 solutione
1278 1705 1544 1742 Decimarum
1572 1716 1642 1749 pro
1657 1703 1853 1742 armentis

538 1768 681 1796 eorum
700 1755 1035 1795 usnidestinatiss
1064 1757 1205 1804 Atque
1223 1756 1351 1794 etiam
1378 1767 1450 1803 pro
1478 1755 1733 1797 Novalibus‚
1764 1767 1851 1805 quae

535 1808 714 1855 ipsorum
732 1806 939 1850 manibus,
966 1815 1035 1845 aut
1063 1807 1283 1855 sumptibus
1313 1808 1549 1846 colerentur
1566 1831 1578 1849 ‚
1613 1818 1658 1846 ac
1684 1807 1853 1845 demum

539 1872 612 1909 pro
629 1858 760 1897 hortis
786 1858 890 1896 intra
907 1857 1141 1896 Monasterii
1159 1859 1357 1898 ambitum
1384 1859 1640 1898 existentibus
1659 1887 1669 1898 .
1704 1859 1853 1897 Recla-

536 1910 993 1953 maruntCistercienses
1011 1934 1024 1953 ‚
1043 1911 1080 1950 Sc
1097 1911 1162 1948 die
1185 1924 1246 1958 14.
1266 1912 1409 1951 Martii
1432 1924 1542 1956 1733-
1558 1911 1725 1950 dubium
1759 1923 1852 1956 pro-

542 1965 636 2013 poni
654 1970 847 2000 curarunt
865 1978 892 2000 =
905 1965 973 2000 An
976 1963 1154 2011 stantibus
1171 1963 1441 2010 resolutionibus
1468 1977 1487 1999 a
1511 1966 1603 2000 Sac.
1638 1966 1841 2011 Congrega-

542 2020 637 2054 tione
652 2016 761 2052 editis
778 2040 789 2057 ‚
806 2016 991 2052 decretum
1008 2014 1156 2064 Jndicis
1172 2017 1431 2065 Exequutoris‚
1448 2015 1565 2064 quoad
1591 2015 1849 2065 Monasteriw

541 2070 698 2107 Ordinis
717 2066 952 2115 Cisterciensix
975 2067 1291 2115 sttservandum?
1323 2083 1349 2104 =
1377 2067 1441 2104 cui
1471 2066 1699 2115 responsum
1728 2065 1809 2106 fuit
1826 2081 1854 2103 =

540 2119 780 2168 Affirmative
797 2124 911 2167 quoad
924 2128 1113 2168 utramque
1137 2119 1401 2171 parternjuxta
1419 2120 1574 2164 modum,
1592 2120 1765 2157 videlicet
1780 2144 1793 2164 ‚
1810 2119 1860 2155 ad

546 2172 657 2220 instar
684 2170 835 2207 aliorum
864 2171 1105 2217 Regularium
1134 2172 1340 2208 habentium
1369 2170 1568 2219 expreffam
1592 2172 1861 2220 derogationem

548 2226 635 2272 Cap.
650 2225 785 2271 Nuper
800 2224 844 2259 de
866 2225 1026 2259 Decimis
1047 2239 1074 2260 ε
1096 2223 1270 2268 Thesaur.
1290 2224 1391 2271 resol.
1410 2228 1534 2261 tom.6.
1563 2221 1632 2270 sol.
1652 2237 1718 2271 49.
1736 2252 1746 2262 .
1777 2222 1858 2262 Die

540 2285 682 2316 autem
702 2286 735 2317 5·
753 2273 861 2322 Junii
884 2273 1124 2323 1734.aliud
1158 2274 1381 2313 exhibitum
1411 2273 1490 2313 fuit
1521 2274 1687 2314 dubium
1714 2283 1857 2314 contra.

539 2326 823 2367 &istercienses
839 2341 866 2363 :
882 2327 950 2364 An
972 2329 1134 2365 Decima
1149 2352 1161 2370 ‚
1197 2331 1237 2371 ὠ·
1270 2328 1456 2365 Primitiae
1485 2329 1684 2365 debeantur
1699 2340 1745 2365 ex
1761 2329 1859 2364 honix

540 2380 693 2426 conceffis
711 2381 749 2416 in
762 2379 1022 2428 Emphyteustm
1037 2403 1049 2423 ‚
1066 2379 1275 2416 locationem
1293 2405 1308 2425 ‚
1343 2382 1385 2422 ὠ·
1403 2381 1450 2415 ud
1468 2380 1650 2417 Coloniam
1662 2378 1682 2416 t'
1717 2395 1745 2416 =
1775 2379 1856 2418 Re·-

540 2430 820 2480 scriptumque
837 2430 977 2470 extitit
993 2446 1020 2467 =
1035 2429 1273 2479 Affirmative
1292 2457 1305 2477 ,
1323 2441 1366 2476 ξς·
1383 2430 1533 2481 amplius
1549 2447 1577 2469 :
1598 2431 1771 2479 Thesanr.
1798 2443 1859 2468 re-

536 2484 603 2534 sol.
619 2485 656 2521 d.
673 2487 800 2520 tomo.
816 2482 980 2530 sol.285.

495 2538 594 2576 Haec
631 2534 829 2583 praecipue'
855 2536 1217 2576 animadvertenda
1256 2534 1421 2575 fuerunt
1456 2535 1506 2575 ad
1551 2534 1861 2576 definitionem...

545 2586 658 2626 dubii
674 2617 682 2625 .

494 2640 568 2679 An
584 2665 597 2684 ‚
626 2641 668 2681 ξφ
683 2643 721 2674 in
736 2653 804 2687 qua
814 2639 958 2687 summa
975 2641 1139 2689 capitulo
1155 2639 1385 2679 Cathedralis
1403 2640 1636 2688 Constantien.
1656 2638 1862 2676 debeantur

601 2692 746 2727 decima
761 2703 805 2727 ex
822 2692 1035 2730 Novatibus
1048 2693 1240 2741 Agrorum
1253 2697 1291 2730 in
1306 2691 1519 2741 Nnsdorffi,
1539 2694 1580 2734 ὠ
1595 2692 1772 2728 Burnum-v
1787 2692 1862 2728 Pa·

601 2744 728 2781 rocbiae
744 2744 778 2778 S
779 2743 980 2792 cefeldensts
996 2749 1034 2782 in
1050 2746 1135 2792 cusu
1155 2748 1233 2789 &a

644 2792 910 2836 Affirmative
928 2796 976 2836 ad
993 2795 1167 2836 formam
1187 2794 1486 2837 Transat‘tionis
1506 2794 1599 2835 anni
1621 2799 1688 2838 158
1702 2809 1730 2833 1.
1775 2845 1808 2884 R
