1914 2935
512 149 535 182 s
980 152 1044 178 πο.
1063 137 1242 187 Januarii
1261 150 1371 183 ¹770·

535 190 645 230 liceat
659 220 668 229 .
700 191 810 229 Num
837 199 943 227 extra
960 192 1088 228 valvas
1106 201 1245 228 tantum
1267 201 1330 238 pro
1349 192 1508 228 concione
1521 192 1699 227 dicentem
1727 193 1834 229 audi-

531 259 570 283 re
583 245 732 280 interim
751 243 857 281 licet.
875 244 970 280 Non
1003 243 1313 289 habeofiduciam‚
1331 243 1425 292 quod
1437 256 1514 280 mea
1528 242 1832 290 ante-Baptil'mum

526 299 636 334 oratio
656 296 880 331 exaudiatur
894 322 903 332 .
923 296 1093 344 Denique
1109 296 1188 332 volo
1203 297 1391 345 baptizari
1405 308 1484 333 cura
1500 299 1585 332 meis
1601 318 1615 338 ‚
1640 297 1830 343 utpoffim-‚e

531 348 694 397 consequi
717 345 941 392 felicitatem
956 358 1128 386 aeeernam
1142 376 1151 386 .

464 397 655 450 Denique
672 399 810 447 Isaach
833 397 941 438 filius
968 412 1117 438 annum
1150 400 1305 439 sextum
1337 398 1508 452 egressas
1527 425 1539 443 ‚
1569 400 1608 439 St
1625 397 1826 436 Rebecca-e

512 452 596 491 filia
632 448 796 501 ingressa
823 462 971 489 annum
1002 452 1190 502 quintum
1221 478 1234 496 ‚
1263 454 1377 501 super
1404 453 1589 491 omnibus
1610 451 1827 496 respon-,lev

513 512 625 549 runt,
650 504 834 553 ignorare
859 503 1016 552 prorsus
1041 505 1139 551 quid
1167 507 1302 545 astum
1332 506 1407 550 fit,
1433 519 1514 543 cum
1530 518 1574 542 ex
1589 518 1626 540 eo
1641 513 1821 550 tempore,

516 571 605 598 uum
622 581 634 601 ‚
666 560 707 601 &¹
721 557 895 594 dimidius
914 554 992 609 jam
1021 556 1155 606 elapsus
1177 560 1228 607 fit
1251 570 1361 595 annus
1388 581 1400 600 ,
1431 561 1474 606 ὠ·
1495 557 1557 606 ipfi
1587 566 1691 596 ,παῖε
1717 555 1824 602 infir-

494 637 495 642 η
519 622 645 652 miore:
667 638 678 649 .

465 665 531 706 De
546 663 698 701 duobus
714 659 804 699 aliis
820 659 915 698 filiis
930 663 1122 699 Abraham
1154 663 1313 702 scilieet
1328 687 1340 705 ‚
1375 662 1413 700 8(
1440 660 1612 708 Anselrao
1642 660 1697 698 nil
1723 671 1825 706 opus

517 717 569 756 est
586 714 787 763 inquirere
804 739 829 757 ‚.
845 725 937 750 cum
955 715 1117 764 utrique
1149 714 1322 754 infantes
1339 713 1480 762 gravi,
1514 713 1821 760 periculosoque

514 767 656 808 morbo
671 773 915 813 :egrotantes
936 790 949 810 ‚
976 778 998 804 a
1016 767 1235 807 Sacerdote
1253 767 1320 806 sub
1334 765 1573 806 conditione
1604 762 1683 803 rite¹
1701 763 1830 812 bapti⁴

525 819 604 862 zati
621 816 774 857 fuerint
789 846 797 855 .

466 872 545 912 His
575 870 699 920 igitur
727 871 953 918 opportune
982 872 1190 920 praemiffis
1206 898 1218 917 ‚
1246 885 1292 912 ex
1324 872 1465 922 quibus
1487 867 1678 916 propositi
1713 866 1826 906 dubii

514 922 711 964 resolutio
730 921 879 968 pendet
894 947 906 966 ‚
938 922 1224 973 inquirendum
1242 927 1309 970 est,
1325 935 1372 962 an
1388 936 1432 962 ex
1450 921 1591 961 relatis
1610 919 1830 966 responsio-

490 1001 492 1003 -
514 975 630 1014 nibus
647 983 806 1013 certum
836 974 999 1023 aliquod
1016 977 1065 1016 de
1079 978 1295 1016 validitate
1312 975 1504 1023 Baptismi
1532 981 1696 1012 eruatur
1709 983 1830 1020 argu-

515 1036 702 1069 mentum
718 1051 731 1069 ,
757 1027 821 1065 seu
841 1027 977 1073 potius
993 1029 1164 1078 prudens
1185 1037 1365 1077 emergat
1384 1053 1395 1072 ‚
1411 1028 1448 1067 Sc
1467 1024 1726 1065 rationabilis
1745 1024 1821 1062 du-

517 1079 666 1118 bitatio
683 1103 695 1122 ‚
713 1086 757 1115 ut
771 1078 916 1116 saitem
937 1080 1004 1117 sub
1019 1081 1258 1120 conditione
1274 1082 1420 1119 debeat
1437 1077 1577 1117 iterari
1593 1103 1606 1122 ‚
1618 1079 1733 1123 juxta
1750 1086 1825 1120 ea..

515 1144 600 1183 quae
621 1131 657 1168 in
677 1129 886 1177 praeterito
899 1128 1001 1170 folio
1018 1134 1207 1182 perpensa
1222 1134 1311 1172 sunt
1327 1161 1338 1171 .

462 1183 630 1228 Norunt
646 1183 857 1226 omnes.‚ad
875 1183 952 1222 rite
969 1185 1233 1229 judicandum
1252 1185 1300 1224 de
1319 1183 1509 1231 Baptismi
1527 1180 1746 1221 validitate
1763 1180 1826 1219 in-

515 1236 614 1286 spici
630 1234 853 1282 diligenter
868 1245 1059 1283 oportere
1074 1262 1084 1282 ,
1108 1250 1155 1276 an
1173 1237 1353 1276 adhibita
1374 1235 1500 1274 luerit
1521 1234 1752 1282 praescripta
1769 1243 1824 1270 a.)

512 1288 671 1327 Christo
688 1286 866 1324 Domino
884 1288 1055 1327 materia
1072 1313 1085 1332 ‚
1101 1290 1138 1329 δε
1154 1288 1283 1328 forma
1300 1302 1312 1329 ‚·
1342 1300 1388 1327 an
1409 1285 1581 1325 materia
1597 1310 1610 1329 ‚
1637 1286 1674 1326 S<
1692 1284 1824 1323 forma

516 1339 656 1379 debito
672 1339 792 1378 modo
811 1337 936 1378 fuerit
954 1341 1157 1389 applicata
1171 1356 1185 1382 ⁵
1214 1354 1262 1381 an
1282 1338 1531 1389 Baptizantis
1560 1336 1737 1381 adfuerit
1767 1337 1829 1375 in—

515 1391 651 1431 tentio
666 1404 679 1430 ‚·
693 1402 739 1428 ³1¹
757 1390 923 1430 demum
940 1418 952 1435 ⁹
969 1405 1061 1431 cum
1076 1394 1125 1434 de
1139 1393 1308 1433 Adultis
1324 1392 1458 1441 agitur
1472 1416 1486 1436 ‚
1505 1388 1825 1440 suscipientium

515 1455 678 1493 quoque
695 1443 888 1488 intentio,
906 1444 943 1484 Sc
960 1446 1150 1485 voluntas
1167 1445 1436 1485 intercesserit
1455 1472 1466 1483 .

465 1496 528 1536 De
546 1494 797 1542 Baptizantis
815 1495 1045 1536 intentione
1063 1523 1075 1543 ‚
1109 1499 1223 1538 nulla
1242 1499 1280 1536 in
1299 1496 1484 1544 praesenti
1503 1495 1591 1533 casu
1609 1493 1708 1532 oriri
1724 1491 1828 1541 poste

516 1546 940 1597 videtui-disceptatio
958 1578 967 1588 .
1000 1548 1109 1589 Nam
1127 1550 1281 1589 Mulier
1300 1548 1507 1597 baptizans
1535 1545 1824 1591 extraindicia-

509 1601 611 1639 liter
638 1599 828 1649 requifita
844 1626 857 1645 ‚
889 1613 965 1650 qua
980 1612 1120 1642 mente
1137 1602 1384 1650 Baptismum
1396 1598 1640 1643 contulerit,
1663 1598 1826 1645 respon-

512 1651 575 1689 dit
593 1662 603 1688 :
631 1654 686 1688 Se
705 1652 750 1686 id
762 1654 804 1689 in
819 1652 974 1701 Ecclesia
989 1677 1002 1695 ‚
1029 1668 1108 1692 cum
1124 1655 1283 1700 Infantes
1299 1667 1319 1690 a
1335 1655 1450 1690 Sacro
1472 1650 1581 1688 Fonte
1607 1650 1822 1688 levarentur

512 1702 673 1750 vidiffe5
698 1705 947 1752 inlCatecheſs
960 1705 1007 1751 se
1023 1719 1158 1755 quoque
1186 1704 1368 1751 audimffe
1385 1728 1397 1747 ‚
1425 1711 1598 1754 quamquf
1621 1701 1825 1750 personam,

515 1755 710 1801 ncceffitate
724 1756 880 1801 quadam
892 1765 1039 1803 argente
1061 1782 1074 1800 ‚
1105 1759 1295 1805 baptizare
1306 1756 1399 1805 pqffe
1415 1779 1428 1799 ‚
1447 1755 1558 1803 fi‘que
1572 1754 1763 1792 adduam
1776 1755 1824 1791 ad

514 1808 557 1843 id
565 1806 778 1854 faciendum
792 1832 805 1851 ‚
835 1809 921 1855 quia
935 1821 1033 1845 nemo
1041 1810 1117 1857 fine
1144 1810 1206 1846 hoc
1219 1807 1652 1855 Saezcramcntosalvaturfi
1681 1817 1825 1856 quem·

514 1856 736 1896 admodum
756 1858 900 1897 retulit
918 1858 956 1897 in
976 1860 1056 1898 suis
1073 1861 1226 1898 litteris
1242 1859 1468 1909 Religiosus
1493 1857 1829 1899 P‚Schvveuc1en-

512 1922 636 1955 man,
669 1909 737 1959 qui
759 1911 874 1949 illam
894 1913 1217 1962 interrogaverat
1250 1925 1259 1949 :
1293 1913 1341 1952 Et
1368 1910 1552 1961 quamvis
1581 1913 1619 1949 in
1653 1909 1819 1952 formali

512 1962 698 2002 examine
723 1961 856 2003 denuo
869 1963 917 2002 de
931 1965 1006 2003 hoc
1037 1964 1121 2012 ipso
1152 1965 1339 2014 requifita
1372 1975 1448 2002 non
1479 1961 1608 2001 fuerit
1634 1988 1647 2008 ‚
1674 1963 1826 2003 nihilo—

510 2015 646 2053 minus
663 2025 709 2051 εκ
731 2016 1026 2064 responsionum
1057 2016 1160 2055 serie
1186 2017 1232 2053 ad
1249 2016 1350 2054 alios
1376 2015 1573 2053 articulos
1590 2040 1602 2058 ‚
1634 2015 1824 2053 luculen-

511 2075 576 2109 ter
601 2066 949 2113 deprehenditur,
978 2081 1068 2107 eam
1084 2066 1197 2105 fuilse
1215 2067 1405 2105 Mulieris
1435 2066 1711 2105 intentionem
1728 2090 1741 2109 ‚
1773 2075 1820 2104 ut

510 2117 761 2166 Baptismum
781 2119 857 2156 rite
876 2116 1220 2160 confe1·ret‚ficuti
1239 2119 1276 2157 in
1299 2119 1470 2157 Ecclesia
1488 2116 1707 2156 catholica
1723 2129 1822 2156 con—

506 2169 606 2209 ferri
626 2170 837 2209 consuevit
852 2198 863 2208 .
895 2169 1084 2210 Dubitari
1102 2180 1241 2209 autem
1259 2183 1337 2209 uon
1355 2171 1482 2217 potest
1497 2195 1509 2214 ‚
1527 2169 1753 2209 adhibitam
1770 2169 1821 2208 ad

511 2221 554 2261 id
568 2220 682 2280 fuisse
697 2233 843 2274 aquam
857 2224 1087 2262 naturalem
1103 2245 1116 2266 ‚
1145 2235 1244 2263 cum
1263 2234 1404 2263 omues
1422 2221 1562 2262 Testes
1580 2221 1620 2260 in
1639 2224 1714 2262 hoc
1730 2234 1826 2261 con-

514 2282 689 2313 veniant
706 2302 715 2312 .

460 2323 644 2365 Primum
661 2326 797 2376 itaque
828 2326 1047 2377 questionis
1063 2336 1186 2375 caput
1203 2327 1352 2367 versari
1382 2328 1504 2367 debet
1520 2326 1630 2367 eirca
1645 2326 1829 2367 debitam

511 2377 694 2417 materiae
711 2403 724 2423 ‚
742 2379 780 2418 δι’.
794 2376 930 2417 forma:
941 2379 1261 2428 applicationem
1275 2409 1284 2421 .
1313 2380 1438 2419 Porro
1456 2391 1568 2427 aquae
1583 2379 1828 2427 applicatio,

511 2443 600 2480 quae
614 2429 842 2479 generatim
857 2430 962 2469 lotio
988 2431 1141 2471 dicitur
1161 2456 1174 2474 ‚
1210 2432 1278 2472 seu
1309 2432 1468 2471 ablutio
1488 2457 1501 2476 ‚
1535 2431 1663 2470 tribus
1690 2430 1819 2470 modis

511 2482 599 2522 fieri
617 2483 772 2531 potest,
801 2480 1024 2530 perfufione
1042 2484 1226 2527 scilicet,
1251 2484 1472 2532 aspen-lione
1490 2508 1502 2525 ‚
1530 2485 1567 2523 St
1599 2482 1824 2524 immersio-

514 2545 564 2573 ne
579 2563 589 2572 .
620 2533 778 2582 Qovis
794 2543 933 2574 autem
949 2547 994 2574 ex
1013 2536 1074 2574 his
1091 2535 1222 2574 modis
1252 2549 1354 2586 aqua
1367 2537 1415 2575 ad
1433 2535 1717 2584 baptizandum
1751 2545 1821 2581 ap-

516 2585 696 2630 plicetur
712 2610 726 2630 ,
752 2595 912 2625 certum
931 2588 983 2626 est
995 2613 1010 2632 ‚
1039 2596 1199 2626 tantum
1213 2601 1325 2639 aquae
1341 2612 1354 2630 ‚
1372 2589 1410 2627 ἅτ
1427 2601 1476 2626 eo
1490 2587 1611 2625 modo
1631 2585 1826 2625 adhiben-

514 2635 613 2678 dam
629 2637 706 2678 esse
719 2662 732 2685 ,
762 2646 958 2692 quantum
975 2666 988 2686 ,
1018 2641 1055 2681 ὃ(
1073 2648 1153 2684 quo
1168 2642 1288 2683 modo
1303 2639 1450 2683 sufficit
1465 2663 1478 2683 ‚
1510 2647 1554 2678 ut
1569 2638 1657 2689 quis
1688 2649 1824 2730 motas

1811 2704 1843 2729 ,-
