1914 2935
513 95 587 122 100
976 74 1211 128 26.Augusti
1231 78 1347 125 1769.
1466 125 1473 131 -

502 133 608 175 libus
621 143 637 174 ,-
655 129 861 180 propofito
879 126 1034 169 idcireo
1051 128 1140 169 Sac.
1155 126 1474 179 Congregatiom
1493 127 1586 164 :An
1603 153 1616 172 ‚
1636 129 1832 177 &quorm-

504 188 549 226 ὀρ
563 210 576 233 ,
608 187 651 228 (⁸9⁶
669 185 798 233 quibus
812 182 1075 224 conditionibus
1085 182 1135 231 fit
1149 182 1373 222 concedenda
1383 179 1546 227 facultas
1562 177 1747 218 alienandi
1770 184 1832 210 20·

506 241 602 278 Loca
616 235 801 275 Montium
816 235 1046 274 hereditaria
1059 235 1230 274 Barbara
1242 233 1416 272 Matthaei
1431 232 1835 282 Bevilacquanespon-

505 290 591 331 sum
606 287 688 329 fuit
705 287 772 327 die
793 297 853 330 ις.
872 285 1113 329 Decembris
1138 291 1253 335 1764.
1270 286 1510 336 Affirmatt‘ve
1534 298 1614 322 cum
1644 298 1747 323 onere
1775 291 1834 316 re-

508 342 721 391 integrandi
734 342 828 380 Loca
848 352 913 382 πο.
935 340 1126 381 Montium
1154 351 1199 380 ex
1224 336 1425 389 multiplico
1442 337 1615 385 faciendo
1641 351 1722 376 cum
1745 329 1836 380 sru-

507 396 618 435 &ibus
638 393 797 433 aliorum
816 404 878 431 πο.
896 393 972 431 LL.
980 391 1305 440 superextantium
1318 415 1331 435 ‚
1360 404 1428 429 non
1460 401 1697 430 concurrente
1710 396 1834 429 gamen

511 445 669 498 quolibet
684 457 774 487 anno
785 444 909 495 puella
929 445 1053 487 Terra
1073 443 1184 495 Jovii
1202 469 1215 488 ‚
1232 458 1310 496 quae
1326 444 1418 482 velit
1434 446 1472 480 in
1487 444 1643 483 Domino
1668 443 1804 482 nubere
1817 458 1832 478 υ

511 502 557 544 &¹
571 510 651 536 cum
655 497 775 546 scutis
792 510 859 548 40.
881 500 1006 534 annuis
1029 497 1263 536 detrahendis
1280 509 1325 535 ex
1331 496 1475 546 salario
1491 495 1754 548 Ludimagistn'
1763 488 1838 539 post

508 552 646 592 obitum
654 549 840 599 praefentis
865 549 976 602 usque
1004 549 1053 590 ad
1083 551 1409 598 reintegrationem
1422 549 1632 597 prediflm
1647 562 1662 593 5
1689 552 1730 588 t‘n
1744 542 1839 584 reli-

507 606 585 654 quis
605 602 797 652 Episcopus
808 603 983 651 procedat
996 610 1108 653 prout
1128 600 1269 654 dejure
1286 631 1296 641 .
1332 599 1468 642 Viden
1495 597 1644 642 folium
1670 602 1748 641 din'
1774 607 1836 643 24·

503 656 733 698 Novembris
751 653 932 700 ejusdem
947 653 1069 701 anni,
1103 654 1142 693 in
1173 666 1253 707 quo
1271 651 1531 695 disertiffime
1563 650 1659 692 faeti
1683 650 1839 705 species

506 708 679 750 habetur
696 736 706 750 ,
1622 738 1626 742 .

455 759 668 805 ῠὶῆϊᾶξὲὶς
685 757 828 798 iisdem
845 759 949 798 locis
965 772 1058 802 cum
1079 757 1317 807 erogatione
1337 755 1462 806 pretii
1482 755 1522 795 in
1551 755 1838 807 prosequutio-

509 824 603 853 nem
618 810 797 856 fabricae,
816 811 975 850 adiecta
989 811 1218 860 multiplici
1251 811 1340 860 lege
1369 809 1484 857 super
1502 806 1698 848 frut‘tibus
1729 808 1838 848 alio-

509 877 600 903 rum
621 879 680 902 20.
692 862 913 909 Locorum,
931 865 1121 915 acquisita
1137 865 1219 910 jam
1239 865 1438 904 habentur
1454 861 1543 900 loca
1559 861 1658 904 duo,
1677 873 1722 899 ac
1739 872 1836 901 cen-

511 917 651 956 tefima
669 916 963 970 quinquaginta
980 946 990 956 .
1008 917 1115 960 Cum
1131 925 1269 957 tamen
1296 914 1347 954 ad
1374 912 1581 957 ,Fabricam
1611 913 1828 960 complen-

510 969 606 1011 dam
636 967 735 1012 defit
751 968 882 1011 adhuc
910 969 1062 1011 summa
1093 970 1195 1011 scut.
1219 971 1348 1013 1506..
1366 966 1536 1012 postulat
1555 965 1677 1008 modo
1708 964 1837 1004 Com-

515 1020 697 1062 munitas
713 1044 727 1065 ‚
744 1020 782 1060 ὃς
798 1033 893 1060 cum
922 1033 969 1062 ea
987 1021 1076 1062 Dux
1107 1019 1297 1063 Matthaei
1324 1018 1436 1059 illius
1464 1017 1566 1058 Baro
1581 1042 1595 1062 ‚
1626 1027 1672 1057 ut
1691 1028 1836 1058 conce-

518 1074 638 1115 datur
664 1071 841 1113 facultas
873 1073 1078 1115 alienandi
1106 1072 1215 1110 dista
1245 1071 1327 1113 LL.
1358 1083 1391 1112 2.
1427 1080 1489 1113 50.
1518 1083 1564 1110 ex
1595 1069 1838 1118 multiplico

514 1133 752 1173 comparata
770 1148 783 1168 ‚
802 1123 988 1176 itemque
1006 1123 1242 1174 imponendi
1258 1122 1423 1161 censum
1441 1124 1544 1161 scut.
1569 1137 1684 1163 1000.
1715 1121 1834 1170 supe-r

508 1176 653 1216 iisdem
681 1175 802 1216 Locis
832 1190 892 1215 20.
923 1177 1305 1226 superextantibus,
1339 1183 1384 1215 ut
1417 1175 1584 1217 tandem
1614 1171 1838 1227 aliquando

509 1227 647 1277 perfici
665 1228 802 1270 valeat
822 1229 996 1270 Ecclesia
1011 1259 1020 1269 .

459 1279 685 1330 loquium,
721 1281 976 1331 quoestionem
1006 1279 1084 1321 effe
1113 1280 1162 1320 de
1195 1291 1316 1328 opere
1333 1286 1493 1327 canpto,
1526 1278 1632 1329 quod
1662 1274 1843 1317 necessa-

510 1332 572 1371 rio
602 1332 889 1372 absolvendum
919 1335 995 1379 est,
1028 1334 1186 1371 nullum
1217 1340 1356 1371 autem
1387 1330 1463 1371 esse
1495 1331 1665 1371 Fabrieae
1700 1330 1843 1369 Eccle-

508 1385 569 1426 fiae
598 1384 815 1430 reditum:
845 1386 1003 1424 nullum
1030 1385 1216 1424 Ecclesiae
1248 1383 1469 1424 Patronum
1499 1395 1509 1425 ;
1550 1383 1663 1421 nulla
1695 1384 1732 1421 in
1763 1382 1843 1420 Ec-

507 1436 626 1475 clesia
667 1438 801 1477 eret‘ta
830 1437 1024 1478 beneficia
1065 1449 1074 1475 :
1118 1436 1379 1476 Parochiales
1422 1449 1521 1476 vero
1550 1434 1704 1475 reditus
1749 1434 1838 1471 val-

507 1488 557 1531 de
585 1488 749 1539 exiguos
777 1515 790 1534 ‚
834 1491 872 1530 ὃς
915 1490 1090 1537 impares
1122 1490 1173 1528 ad
1214 1500 1432 1538 congruam
1478 1486 1663 1529 Renoris
1694 1485 1844 1526 susten-

507 1540 711 1582 tationem
753 1552 763 1579 :
812 1542 1009 1590 populum
1054 1543 1153 1581 vero
1192 1541 1367 1581 maxima
1407 1547 1648 1590 paupertate
1695 1537 1842 1579 deten-

507 1602 598 1632 tum
613 1618 625 1637 ‚
656 1593 693 1633 Sc
709 1592 757 1631 ad
773 1604 918 1642 graves
934 1594 1130 1642 angustias
1148 1593 1356 1633 redat‘mm
1375 1621 1385 1632 .
1424 1593 1469 1634 Id
1487 1592 1613 1643 ipsum
1633 1587 1838 1640 agnovisse

512 1645 675 1683 Sacram
692 1644 1065 1693 Congregatiouem
1086 1672 1098 1690 ‚
1126 1646 1224 1685 dum
1239 1658 1344 1684 anno
1367 1650 1478 1693 1764.
1513 1643 1840 1691 applicationem

509 1696 716 1736 Locorum
735 1710 797 1734 20.
819 1696 1030 1735 Montium
1061 1696 1228 1738 indulsit
1242 1725 1253 1735 .
1286 1697 1518 1736 Deficiente
1537 1695 1690 1735 idcirco
1708 1695 1840 1734 adhuc

509 1749 666 1788 summa
681 1748 785 1785 scut.
809 1758 922 1790 1500.
956 1749 1005 1787 ad
1023 1747 1220 1786 fabricam
1248 1749 1551 1792 absolvendam,
1573 1744 1843 1788 necessarium

510 1798 587 1890 essIe
619 1799 991 1843 extraordinarium
1033 1799 1248 1841 subsidium
1280 1825 1294 1845 ,
1339 1809 1385 1844 ut
1414 1809 1593 1850 caeptum
1634 1810 1735 1849 opus
1780 1800 1846 1840 ab·

511 1853 552 1890 so
575 1861 693 1891 vatur
709 1880 719 1890 .

467 1905 643 1955 Nullum
669 1912 812 1943 autem
843 1903 978 1952 aptius
1009 1903 1086 1944 esse
1118 1903 1346 1946 remedium
1365 1931 1377 1950 ‚
1407 1916 1526 1953 quam
1551 1901 1846 1950 alienationem

512 1955 634 1994 LL.2.
655 1968 717 1999 50.
736 1968 781 1995 ex
803 1956 1043 2006 multiplico
1057 1957 1323 2008 aquifitorum
1341 1983 1353 2003 ‚
1381 1955 1738 2006 &impositionem
1754 1966 1847 1994 cen-

508 2009 571 2047 sus
592 2009 692 2047 scut.
716 2022 832 2047 1000.
849 2009 965 2056 super
981 2009 1152 2060 reliquis
1169 2007 1250 2048 LL.
1271 2023 1332 2049 20.
1357 2009 1569 2052 Montium
1586 2009 1847 2057 superaxtan-

507 2060 616 2098 tibus
636 2089 645 2099 .
668 2060 733 2099 Sic
753 2063 864 2100 enim
881 2060 1054 2102 Fabricae
1073 2061 1304 2102 neceffitati
1331 2062 1465 2102 statim
1499 2060 1691 2104 occurri,
1718 2059 1847 2101 nihil-

509 2125 586 2162 que
605 2111 768 2151 detrahi
785 2112 853 2160 pio
870 2114 983 2162 operi
1011 2113 1273 2153 subsidiorum
1304 2113 1510 2154 dotalium
1528 2136 1542 2158 ‚
1574 2125 1659 2161 quae
1677 2120 1844 2152 tantum

510 2164 694 2214 suspensa
713 2173 954 2208 remanent,
975 2166 1097 2216 usque
1113 2165 1210 2203 dnm
1229 2175 1275 2204 ex
1293 2165 1460 2204 residuis
1488 2164 1684 2203 fructibus
1710 2163 1845 2203 disto-

512 2229 602 2256 rum
618 2215 822 2255 Locorum
842 2230 901 2255 20.
922 2242 935 2262 ‚
951 2218 989 2255 Sc
1005 2228 1052 2256 ex
1069 2216 1310 2255 venditione
1328 2216 1463 2259 tritici
1483 2215 1644 2255 Montis
1664 2213 1845 2256 frumen-

513 2269 609 2308 tarii
641 2268 870 2317 dellospiano
897 2268 1166 2318 reintegratio
1181 2267 1278 2307 fiat:
1311 2267 1494 2308 assentiri
1524 2276 1616 2309 tum
1641 2267 1841 2311 Commu·

515 2323 694 2365 nitatem
709 2346 723 2366 ,
752 2331 842 2363 tum
860 2320 1019 2360 Ducem
1037 2345 1050 2364 ‚
1067 2320 1215 2366 cuijus
1247 2321 1300 2359 est
1329 2320 1379 2362 ad
1398 2319 1566 2362 subfidia
1597 2319 1754 2362 dotalia
1773 2333 1842 2362 no·

513 2372 904 2414 minanditdemum
928 2373 1155 2422 puellarum
1184 2373 1422 2422 praejudicio
1446 2372 1668 2423 praevalere
1696 2373 1843 2412 debere

513 2430 656 2478 justam
674 2450 688 2470 ·,
717 2436 762 2464 ac
781 2423 1037 2467 necessariam
1053 2450 1066 2469 ‚
1083 2435 1382 2477 urgentemque
1407 2424 1569 2468 causam
1603 2423 1844 2465 :edificatio-

514 2483 576 2521 nis
594 2477 781 2518 Ecclefiae
796 2477 1048 2518 Parochialis
1066 2492 1080 2518 ,-
1110 2479 1287 2518 maxime
1315 2479 1412 2529 quia
1430 2479 1595 2521 incertae
1612 2477 1704 2517 sunt
1732 2475 1845 2526 puel-

516 2536 564 2573 ]ae
582 2557 594 2577 ,
626 2543 710 2579 quae
726 2532 828 2570 hanc
847 2530 1002 2570 Dotem
1017 2528 1169 2581 assequi
1187 2530 1333 2590 postint
1349 2555 1363 2574 ‚
1392 2531 1680 2580 incertumque
1697 2528 1842 2571 etiam,

515 2582 771 2676 ffi'enimrae
797 2583 873 2623 fint
889 2595 936 2623 ex
954 2583 1125 2635 Oppido
1141 2582 1251 2633 Jovii
1266 2609 1280 2631 ,
1309 2596 1396 2636 quae
1411 2585 1487 2624 hoc
1515 2582 1730 2632 indigeant
1749 2580 1849 2620 Sub-

517 2652 542 2680 ,ι
576 2647 615 2674 ιο
634 2662 644 2671 .

1754 2686 1854 2732 Per*
