1914 2935
454 143 527 176 272
899 137 960 173 24.
980 123 1205 161 Movembris
1236 136 1252 162 —x
1264 135 1354 170 770.
1407 123 1414 128 “
1773 159 1780 165 κ

450 179 610 221 idoneis
638 178 829 217 Parochis
859 175 1248 225 regerentur‚edixit
1265 202 1277 221 ‚
1295 179 1489 213 vacantes
1505 172 1767 215 Parochiales

451 232 650 275 Ecclefias
671 230 755 269 illis
769 232 983 268 dumtaxat
1016 229 1063 267 ab
1078 228 1276 278 Episcopo
1294 225 1562 266 conferendas
1580 253 1593 272 ,
1625 228 1694 277 qui
1728 228 1767 266 in

452 282 846 334 experimento‚seu
864 280 1050 320 examine
1078 282 1215 319 coram
1247 279 1473 330 Episcopo,
1504 287 1574 318 aut
1602 279 1771 318 Vlcario

451 336 648 379 Generali
675 358 689 377 ‚
719 334 893 385 aliisque
921 332 1270 372 examinatoribus
1299 345 1365 370 non
1390 333 1618 382 paucioribus
1634 345 1771 382 quam-0

452 393 566 430 tribus
596 386 842 431 instituendo
862 411 875 431 ‚
891 384 1047 425 fueri'nt
1079 385 1292 435 approba-ti
1320 408 1334 428 ‚
1375 384 1414 423 &
1448 384 1585 424 idonei
1622 396 1775 425 renun-

453 451 552 482 ciati
570 470 580 480 .
1790 447 1799 453 “

402 494 517 542 Jussit
545 501 737 543 praeterea
753 491 1028 529 Examinatores
1044 499 1165 527 autem
1171 487 1325 539 singulis
1347 491 1451 527 annis
1477 490 1519 527 t'n
1554 489 1772 538 Diaecesana

453 551 486 586 S
484 547 598 597 ynodo
612 546 654 582 ab
685 542 852 593 Episcopo
865 566 878 586 ,
908 542 970 580 vel
999 539 1076 594 ejus
1106 544 1260 581 Vicario
1281 543 1330 579 ad
1346 543 1462 579 minus
1473 541 1545 590 sese
1569 551 1770 591 proponan-

453 611 516 639 tur
530 622 544 642 ‚
573 601 633 648 qui
651 597 795 640 synodo
802 595 1041 645 satisfaciant
1054 617 1067 636 ‚
1094 596 1138 638 ὼ·
1165 597 1209 632 ab
1221 608 1261 632 ea
1274 595 1471 644 probentur
1485 619 1498 638 ‚
1529 595 1770 632 adveniente-

436 668 440 671 *
455 665 523 703 que
547 651 735 689 vacatione
764 646 957 702 cujuslibet
975 646 1140 694 Ecclestae
1154 672 1166 691 ‚
1187 656 1260 684 tres
1278 660 1324 685 ex
1341 646 1418 684 illis
1434 646 1547 696 eligat
1559 646 1770 697 Episcopus,

455 708 518 755 qui
533 717 613 741 cum
629 714 666 739 eo
681 712 831 738 examen
845 699 1044 749 perficiant
1056 723 1069 742 ,
1084 700 1252 749 indeque.
1265 699 1486 748 succedente
1501 699 1578 736 alia
1605 702 1773 736 vacan'o-

456 771 500 796 ne
533 765 598 793 aut
615 753 752 802 eosdem
767 778 780 797 ‚
810 763 873 789 aut
897 752 984 788 alios
1000 760 1074 788 tres
1089 775 1101 796 ,
1127 765 1210 800 quos
1229 752 1424 795 maluerit,
1442 763 1488 788 ex
1513 752 1693 799 praediflis
1721 751 1773 788 il-

456 810 501 847 Iis
507 807 578 856 sex
607 806 744 853 eligat.
770 805 863 842 Sint
876 816 960 841 vero
984 805 1023 840 hs·
1049 805 1310 842 examinatores
1325 803 1523 854 Magistri,
1537 804 1608 853 seu
1634 804 1773 841 Doffo-

457 875 510 899 res
526 884 539 903 ‚
569 868 632 896 aut
651 859 850 895 Licentiati
877 859 915 892 in
935 855 1124 904 Theologia
1139 881 1152 902 ,
1182 855 1346 909 autj'ure
1373 857 1547 894 canonico
1564 879 1578 900 ,
1606 855 1669 893 vel
1699 855 1771 893 atii

459 911 624 954 Clerici,
645 910 714 959 seu
743 907 943 957 Regulares
973 912 1083 946 etiam
1119 920 1165 946 ex
1181 911 1326 948 Ordine
1342 908 1640 947 Mendicantium
1664 931 1679 952 ‚
1705 919 1772 947 aut

459 966 569 1004 etiam
591 962 814 1011 secularium
833 987 847 1006 ‚
864 964 925 1010 qui
939 962 988 998 ad
1016 962 1060 998 id
1085 963 1307 999 videbuntur
1328 965 1439 1010 magis
1455 962 1601 999 idonei.

408 1016 485 1056 Sex
502 1017 642 1065 itaque
657 1013 964 1054 Examinatores
981 1013 1029 1052 ad
1046 1013 1182 1052 minus
1201 1015 1248 1052 ab
1268 1014 1493 1063 Episcopo,
1511 1013 1577 1051 vel
1591 1012 1680 1057 ejus
1696 1011 1772 1052 Vi-

462 1069 575 1108 cario
592 1068 632 1105 in
657 1066 822 1114 Synodo
837 1065 1004 1112 proponi
1019 1065 1169 1104 debent
1187 1091 1198 1110 ,
1217 1078 1294 1103 non
1313 1074 1452 1103 tamen
1487 1065 1668 1103 vetitum
1685 1064 1737 1102 est
1755 1080 1771 1107 ς

458 1122 596 1171 plures
627 1116 754 1166 eligi,
781 1117 877 1167 quin
894 1116 978 1154 imo
1008 1117 1143 1164 plures
1158 1117 1278 1155 dubio
1310 1117 1451 1165 procul
1483 1115 1655 1165 proponi
1685 1114 1775 1163 pos-

457 1173 552 1212 sunt
568 1169 714 1218 Barhos.
728 1169 777 1207 ad
791 1171 900 1206 Cone.
919 1168 1163 1216 cap.¹8,.seff2
1179 1183 1241 1218 ²4·
1257 1182 1352 1207 uum.
1369 1174 1432 1212 85.
1449 1198 1457 1207 .
1490 1167 1687 1216 Propofiti
1704 1176 1772 1205 ta·

457 1237 551 1265 men
567 1224 614 1262 ab
634 1221 829 1271 Episcopo
844 1246 857 1265 ‚
883 1232 905 1259 a
920 1220 1064 1266 majori
1084 1229 1197 1268 parte
1228 1232 1369 1260 eorum
1386 1246 1398 1264 ‚
1433 1221 1501 1270 qui
1528 1219 1695 1268 Synodo
1713 1218 1773 1257 in·

457 1277 617 1316 tersunt
631 1298 645 1318 ‚
672 1272 866 1323 probandi
891 1272 980 1311 sunt
995 1295 1009 1320 2
1033 1273 1144 1311 secus
1161 1273 1232 1313 alii
1251 1274 1299 1312 ab
1313 1271 1510 1322 Episcopo
1541 1282 1662 1312 erunt
1677 1283 1771 1321 pro-

457 1326 667 1379 ponendi,
696 1325 766 1376 qui
793 1336 815 1363 a
840 1325 983 1370 majori
1012 1334 1130 1372 parte
1161 1333 1430 1374 acceptentur
1461 1354 1471 1364 .
1519 1323 1772 1372 acceptatio

457 1388 599 1420 autem
625 1381 708 1418 haec
737 1378 866 1427 potest
881 1376 969 1416 fieri
993 1387 1064 1424 per
1093 1376 1281 1427 suffragia
1308 1386 1397 1416 tum
1430 1377 1592 1426 publica
1610 1401 1624 1422 ‚
1653 1385 1773 1416 tum-³

460 1433 618 1472 secreta
635 1456 648 1476 ‚
677 1438 724 1469 ut
742 1429 952 1479 respondit
983 1428 1104 1468 Sacra
1117 1428 1395 1480 Congregatio
1412 1429 1462 1468 ad
1489 1428 1772 1469 Patriarcham

459 1483 730 1524 Venetiarum
745 1483 804 1519 die
823 1496 838 1520 1
852 1495 882 1521 1.
901 1481 1004 1532 Julii
1025 1493 1139 1528 159²·

411 1536 539 1592 Q¹0d
557 1548 655 1575 vero
670 1534 823 1584 spectat
842 1534 1065 1585 qualitates
1084 1533 1418 1574 Examinatorum
1433 1557 1448 1577 ‚
1476 1533 1659 1584 quamvis
1677 1532 1778 1573 Tri-

460 1589 676 1629 dentinum
711 1586 938 1630 desideret,
968 1586 1226 1634 deputandos
1255 1585 1424 1637 gradum
1458 1589 1637 1636 aliquem
1662 1587 1775 1632 jam.»

460 1638 676 1680 obtinuiffe
696 1639 735 1677 in
753 1638 871 1677 Sacra
888 1637 1119 1688 Theologia
1133 1662 1146 1682 ‚
1178 1639 1244 1678 vel
1265 1639 1303 1677 in
1332 1639 1420 1684 jure
1434 1639 1633 1678 canonico
1647 1663 1660 1683 ,
1678 1637 1775 1686 Epi-

459 1693 569 1741 scopi
600 1691 769 1730 arbitrio
785 1691 995 1740 permittit
1013 1716 1025 1736 ,
1055 1698 1101 1729 ut
1119 1691 1188 1742 qui
1207 1691 1332 1731 etiarn
1351 1692 1465 1730 nullo
1480 1690 1608 1742 gradu
1640 1692 1693 1730 est
1710 1690 1775 1728 in-

458 1744 624 1794 fignitus
643 1768 656 1787 ‚
685 1742 855 1791 proponi
874 1742 993 1786 possit
1012 1772 1021 1781 .
1051 1742 1192 1790 Qare
1207 1742 1369 1783 etiamsi
1391 1744 1526 1790 plures
1559 1743 1596 1782 in
1617 1742 1776 1785 Diaece·

462 1798 490 1836 fi
509 1795 764 1844 reperiantur
787 1794 1031 1834 Doftoratus
1046 1794 1203 1834 Laurea
1231 1794 1447 1842 decorati,
1463 1797 1490 1835 fi
1505 1795 1773 1838 nihilominus

460 1849 681 1896 Episcopus
700 1858 769 1885 eos
799 1847 933 1886 minus
952 1847 1108 1895 peritos
1139 1847 1338 1886 existimet
1355 1872 1368 1892 ‚
1401 1848 1557 1897 poterit
1583 1859 1676 1887 curn
1696 1847 1774 1896 Sy-

458 1900 556 1939 nodi
584 1898 874 1948 approbatione
910 1898 1001 1937 aliis
1019 1899 1100 1938 five
1130 1898 1389 1938 secularibus
1407 1925 1420 1944 ‚
1447 1901 1529 1940 five
1561 1898 1773 1949 Regulari-

453 1953 527 1991 bus
544 1977 557 1997 ‚
587 1951 655 2001 qui
674 1951 753 1989 fine
787 1951 1015 1990 Do&oratu
1031 1950 1234 1991 dofflores
1255 1960 1500 2001 reputantur
1517 1977 1530 1998 ,
1563 1950 1773 1990 examina·

456 2005 560 2043 toris
576 2001 758 2042 officium
784 2003 1006 2043 comittere
1039 2001 1201 2053 Fagnan.
1218 2008 1256 2042 in
1286 2013 1362 2052 cap.
1393 2008 1489 2041 inter
1512 2014 1656 2042 caeteras
1686 2004 1770 2043 dc..-

458 2058 638 2105 Rescript.
656 2066 826 2103 num.45.

407 2106 609 2152 Officium
638 2107 879 2146 eorumdem
895 2106 1150 2154 protrahitur
1166 2106 1215 2145 ad
1232 2118 1377 2145 novam
1397 2107 1519 2157 usque
1543 2106 1772 2155 Synodum,

457 2171 542 2209 quae
574 2158 679 2197 intra
697 2158 814 2196 unius
831 2157 923 2195 anni
938 2157 1114 2202 spatium
1142 2158 1192 2195 ad
1209 2158 1447 2196 Tridentini
1471 2171 1653 2199 normam
1672 2161 1770 2199 eli'et

454 2209 700 2250 celebranda
715 2234 729 2254 ‚
759 2209 796 2248 &
812 2208 851 2247 in
870 2219 947 2258 qua
960 2217 1030 2246 aut
1050 2208 1178 2248 iidem
1193 2232 1207 2252 ‚
1239 2218 1309 2248 aut
1322 2211 1395 2252 alii
1423 2211 1472 2250 de
1505 2224 1610 2251 novo
1642 2214 1770 2261 depu-

453 2262 569 2302 tandi
585 2260 721 2301 forent
736 2289 746 2299 .
779 2260 819 2298 Si
836 2268 978 2299 autem
994 2260 1062 2299 vel
1076 2271 1216 2300 omnes
1233 2287 1245 2307 ,
1282 2263 1347 2300 vel
1369 2263 1496 2315 aliqui
1526 2276 1571 2302 ex
1587 2265 1770 2316 designa-

453 2315 508 2354 tis
526 2314 567 2353 in
580 2314 776 2362 postrema
805 2310 970 2360 Synodo
986 2338 999 2357 ‚
1015 2311 1262 2353 decurrente
1281 2325 1386 2353 anno
1405 2341 1417 2360 ‚
1435 2315 1680 2363 moriantur,
1697 2326 1770 2358 aut

457 2368 480 2406 ὲ
498 2365 657 2416 Βίςεείῐ
683 2364 886 2405 decedant
903 2387 917 2408 ‚
933 2371 1030 2404 tunc
1046 2364 1147 2404 fisex
1178 2366 1325 2405 saltem
1342 2379 1388 2405 ex
1406 2368 1620 2417 designatis
1638 2383 1771 2410 rema·

453 2426 581 2458 neant
598 2440 612 2461 ‚
628 2429 677 2456 co
691 2418 780 2457 casu
797 2427 890 2457 eum
918 2428 1134 2456 numerum
1153 2417 1284 2458 adhuc
1318 2428 1523 2468 exequent
1554 2434 1574 2459 a
1595 2422 1772 2462 Triden-

451 2469 543 2510 tino
568 2470 764 2508 statutum
779 2494 793 2515 ,
811 2469 972 2507 istorum
986 2481 1107 2517 opera
1124 2469 1342 2519 Episcopus
1361 2481 1501 2511 utetur
1527 2496 1541 2516 ‚
1573 2487 1647 2513 nec
1663 2475 1766 2515 alios

454 2522 497 2560 in
513 2521 827 2562 demortuorum
843 2545 859 2566 ‚
887 2521 953 2560 vel
987 2521 1213 2561 absentium
1231 2523 1366 2562 locum
1400 2524 1634 2566 substituere
1653 2537 1769 2575 pote·

453 2572 510 2610 rit
528 2602 538 2612 .
569 2573 638 2612 Sin
657 2585 757 2613 vero
772 2572 904 2612 sextus
921 2584 1063 2612 eorum
1093 2586 1283 2614 numerus
1313 2576 1361 2614 fit
1389 2577 1647 2623 imminutus,
1670 2589 1766 2618 tunc
1810 2608 1820 2618 ,

457 2623 650 2663 Clementis
669 2626 776 2666 VIII.
806 2623 977 2664 decreto
994 2625 1179 2675 Episcopi
1197 2627 1294 2666 data
1318 2627 1492 2668 facultas
1524 2632 1577 2669 est
1592 2631 1692 2670 alios
1707 2631 1771 2669 su-
1802 2643 1807 2647 ·

455 2675 650 2727 brogandi
676 2688 775 2717 cum
803 2678 1098 2729 approbatione
1126 2678 1313 2729 Capituli
1352 2703 1368 2726 ‚
1395 2681 1518 2721 modo
1552 2695 1630 2723 una
1658 2681 1773 2722 fimul

1670 2746 1765 2773 cum
