<?xml version="1.0" encoding="UTF-8"?>
<!DOCTYPE html PUBLIC "-//W3C//DTD XHTML 1.0 Transitional//EN"
    "http://www.w3.org/TR/xhtml1/DTD/xhtml1-transitional.dtd">
<html xmlns="http://www.w3.org/1999/xhtml" xml:lang="en" lang="en">
 <head>
  <title>
</title>
<meta http-equiv="Content-Type" content="text/html;charset=utf-8" />
  <meta name='ocr-system' content='tesseract 3.04.00' />
  <meta name='ocr-capabilities' content='ocr_page ocr_carea ocr_par ocr_line ocrx_word'/>
</head>
<body>
  <div class='ocr_page' id='page_1' title='image "./thesaurusresolut38cath_0218.png"; bbox 0 0 1914 2935; ppageno 0'>
   <div class='ocr_carea' id='block_1_1' title="bbox 453 133 1851 2642">
    <p class='ocr_par' dir='ltr' id='par_1_1' title="bbox 531 133 1411 183">
     <span class='ocr_line' id='line_1_1' title="bbox 531 133 1411 183; baseline -0.001 -11"><span class='ocrx_word' id='word_1_1' title='bbox 531 150 578 179; x_wconf 68' lang='grc' dir='ltr'>ιο</span> <span class='ocrx_word' id='word_1_2' title='bbox 999 146 1061 173; x_wconf 78' lang='lat'>20.</span> <span class='ocrx_word' id='word_1_3' title='bbox 1083 133 1261 183; x_wconf 76' lang='lat' dir='ltr'>Jcmuarii</span> <span class='ocrx_word' id='word_1_4' title='bbox 1297 147 1310 171; x_wconf 84' lang='lat'>1</span> <span class='ocrx_word' id='word_1_5' title='bbox 1322 146 1411 178; x_wconf 89' lang='lat'>770.</span> 
     </span>
    </p>

    <p class='ocr_par' dir='ltr' id='par_1_2' title="bbox 522 185 1851 601">
     <span class='ocr_line' id='line_1_2' title="bbox 528 185 1849 239; baseline -0.001 -14"><span class='ocrx_word' id='word_1_6' title='bbox 528 185 734 236; x_wconf 85' lang='lat' dir='ltr'>baptizans</span> <span class='ocrx_word' id='word_1_7' title='bbox 764 186 813 223; x_wconf 83' lang='lat' dir='ltr'>ad</span> <span class='ocrx_word' id='word_1_8' title='bbox 835 195 869 229; x_wconf 85' lang='lat'>5.</span> <span class='ocrx_word' id='word_1_9' title='bbox 890 186 1095 234; x_wconf 85' lang='lat' dir='ltr'>respondit</span> <span class='ocrx_word' id='word_1_10' title='bbox 1110 211 1122 230; x_wconf 92' lang='lat'>‚</span> <span class='ocrx_word' id='word_1_11' title='bbox 1144 200 1210 222; x_wconf 83' lang='lat' dir='ltr'>non</span> <span class='ocrx_word' id='word_1_12' title='bbox 1226 189 1415 224; x_wconf 74' lang='lat' dir='ltr'>recordari</span> <span class='ocrx_word' id='word_1_13' title='bbox 1431 208 1444 228; x_wconf 92' lang='lat'>,</span> <span class='ocrx_word' id='word_1_14' title='bbox 1462 195 1584 223; x_wconf 78' lang='lat' dir='ltr'>utrum</span> <span class='ocrx_word' id='word_1_15' title='bbox 1600 201 1644 225; x_wconf 74' lang='lat' dir='ltr'>an</span> <span class='ocrx_word' id='word_1_16' title='bbox 1648 187 1780 239; x_wconf 62' lang='grc' dir='ltr'>εει-ἰαμ</span> <span class='ocrx_word' id='word_1_17' title='bbox 1769 189 1849 224; x_wconf 85' lang='lat' dir='ltr'>sli-</span> 
     </span>
     <span class='ocr_line' id='line_1_3' title="bbox 527 238 1850 296; baseline -0.001 -20"><span class='ocrx_word' id='word_1_18' title='bbox 527 241 585 276; x_wconf 83' lang='lat' dir='ltr'>bet</span> <span class='ocrx_word' id='word_1_19' title='bbox 593 238 746 288; x_wconf 52' lang='lat' dir='ltr'>personae</span> <span class='ocrx_word' id='word_1_20' title='bbox 757 238 983 287; x_wconf 73' lang='lat' dir='ltr'><em>aspersionem</em></span> <span class='ocrx_word' id='word_1_21' title='bbox 996 243 1098 276; x_wconf 69' lang='lat' dir='ltr'>toties</span> <span class='ocrx_word' id='word_1_22' title='bbox 1122 243 1265 296; x_wconf 28' lang='lat' dir='ltr'>&#39;quoties</span> <span class='ocrx_word' id='word_1_23' title='bbox 1296 240 1341 275; x_wconf 86' lang='lat' dir='ltr'>de</span> <span class='ocrx_word' id='word_1_24' title='bbox 1355 252 1396 276; x_wconf 85' lang='lat' dir='ltr'>no</span> <span class='ocrx_word' id='word_1_25' title='bbox 1401 252 1443 275; x_wconf 83' lang='lat' dir='ltr'>vo</span> <span class='ocrx_word' id='word_1_26' title='bbox 1460 239 1617 287; x_wconf 82' lang='lat' dir='ltr'><em>digitum</em></span> <span class='ocrx_word' id='word_1_27' title='bbox 1645 254 1682 277; x_wconf 77' lang='lat' dir='ltr'>m</span> <span class='ocrx_word' id='word_1_28' title='bbox 1695 254 1723 277; x_wconf 89' lang='lat' dir='ltr'>a</span> <span class='ocrx_word' id='word_1_29' title='bbox 1719 255 1748 289; x_wconf 78' lang='lat'>7</span> <span class='ocrx_word' id='word_1_30' title='bbox 1742 254 1850 278; x_wconf 61' lang='lat' dir='ltr'>uam-„-</span> 
     </span>
     <span class='ocr_line' id='line_1_4' title="bbox 528 290 1851 340; baseline 0.002 -11"><span class='ocrx_word' id='word_1_31' title='bbox 528 293 746 329; x_wconf 79' lang='lat' dir='ltr'>benediclam</span> <span class='ocrx_word' id='word_1_32' title='bbox 762 294 981 330; x_wconf 80' lang='lat' dir='ltr'>intinxerit.</span> <span class='ocrx_word' id='word_1_33' title='bbox 1021 291 1072 329; x_wconf 88' lang='lat' dir='ltr'>Ex</span> <span class='ocrx_word' id='word_1_34' title='bbox 1090 290 1150 329; x_wconf 88' lang='lat' dir='ltr'>his</span> <span class='ocrx_word' id='word_1_35' title='bbox 1167 292 1302 340; x_wconf 83' lang='lat' dir='ltr'>gravis</span> <span class='ocrx_word' id='word_1_36' title='bbox 1316 291 1448 329; x_wconf 83' lang='lat' dir='ltr'>oritur</span> <span class='ocrx_word' id='word_1_37' title='bbox 1477 292 1682 331; x_wconf 82' lang='lat' dir='ltr'>dubitatio</span> <span class='ocrx_word' id='word_1_38' title='bbox 1708 293 1758 331; x_wconf 86' lang='lat' dir='ltr'>de</span> <span class='ocrx_word' id='word_1_39' title='bbox 1777 293 1851 331; x_wconf 80' lang='lat' dir='ltr'>Ba-</span> 
     </span>
     <span class='ocr_line' id='line_1_5' title="bbox 527 341 1846 394; baseline 0.001 -12"><span class='ocrx_word' id='word_1_40' title='bbox 527 344 676 394; x_wconf 78' lang='lat' dir='ltr'>ptumo</span> <span class='ocrx_word' id='word_1_41' title='bbox 703 341 809 382; x_wconf 91' lang='lat' dir='ltr'>aLia</span> <span class='ocrx_word' id='word_1_42' title='bbox 835 343 1018 392; x_wconf 88' lang='lat' dir='ltr'>suscepto</span> <span class='ocrx_word' id='word_1_43' title='bbox 1035 370 1048 390; x_wconf 89' lang='lat'>‚</span> <span class='ocrx_word' id='word_1_44' title='bbox 1074 345 1124 382; x_wconf 90' lang='lat' dir='ltr'>ob</span> <span class='ocrx_word' id='word_1_45' title='bbox 1141 344 1390 391; x_wconf 88' lang='lat' dir='ltr'>probabilem</span> <span class='ocrx_word' id='word_1_46' title='bbox 1424 341 1634 382; x_wconf 60' lang='lat' dir='ltr'>defectum</span> <span class='ocrx_word' id='word_1_47' title='bbox 1663 345 1846 386; x_wconf 88' lang='lat' dir='ltr'>ablutio-</span> 
     </span>
     <span class='ocr_line' id='line_1_6' title="bbox 525 393 1846 446; baseline 0.002 -12"><span class='ocrx_word' id='word_1_48' title='bbox 525 396 587 434; x_wconf 80' lang='lat' dir='ltr'>nis</span> <span class='ocrx_word' id='word_1_49' title='bbox 607 421 620 441; x_wconf 90' lang='lat'>‚</span> <span class='ocrx_word' id='word_1_50' title='bbox 637 408 722 444; x_wconf 85' lang='lat' dir='ltr'>quae</span> <span class='ocrx_word' id='word_1_51' title='bbox 741 408 787 435; x_wconf 83' lang='lat' dir='ltr'>ex</span> <span class='ocrx_word' id='word_1_52' title='bbox 807 407 882 436; x_wconf 84' lang='lat' dir='ltr'>una</span> <span class='ocrx_word' id='word_1_53' title='bbox 901 420 913 439; x_wconf 90' lang='lat'>,</span> <span class='ocrx_word' id='word_1_54' title='bbox 943 397 1007 437; x_wconf 88' lang='lat' dir='ltr'>vel</span> <span class='ocrx_word' id='word_1_55' title='bbox 1028 393 1158 436; x_wconf 81' lang='lat' dir='ltr'>altera</span> <span class='ocrx_word' id='word_1_56' title='bbox 1172 407 1285 446; x_wconf 78' lang='lat' dir='ltr'>aquae</span> <span class='ocrx_word' id='word_1_57' title='bbox 1305 405 1424 446; x_wconf 84' lang='lat' dir='ltr'>gutta</span> <span class='ocrx_word' id='word_1_58' title='bbox 1440 397 1574 435; x_wconf 83' lang='lat' dir='ltr'>haberi</span> <span class='ocrx_word' id='word_1_59' title='bbox 1594 409 1670 435; x_wconf 89' lang='lat' dir='ltr'>non</span> <span class='ocrx_word' id='word_1_60' title='bbox 1695 399 1846 444; x_wconf 83' lang='lat' dir='ltr'>potest:</span> 
     </span>
     <span class='ocr_line' id='line_1_7' title="bbox 522 447 1848 498; baseline 0.001 -13"><span class='ocrx_word' id='word_1_61' title='bbox 522 447 737 498; x_wconf 85' lang='lat' dir='ltr'>Magisque</span> <span class='ocrx_word' id='word_1_62' title='bbox 754 460 874 496; x_wconf 78' lang='lat' dir='ltr'>grave</span> <span class='ocrx_word' id='word_1_63' title='bbox 904 457 1065 498; x_wconf 77' lang='lat' dir='ltr'>exurgit</span> <span class='ocrx_word' id='word_1_64' title='bbox 1079 457 1371 498; x_wconf 87' lang='lat' dir='ltr'>argumentum</span> <span class='ocrx_word' id='word_1_65' title='bbox 1400 458 1542 487; x_wconf 78' lang='lat' dir='ltr'>contra</span> <span class='ocrx_word' id='word_1_66' title='bbox 1569 449 1848 498; x_wconf 78' lang='lat' dir='ltr'>Baptismum..</span> 
     </span>
     <span class='ocr_line' id='line_1_8' title="bbox 524 498 1849 551; baseline 0.002 -14"><span class='ocrx_word' id='word_1_67' title='bbox 524 498 697 538; x_wconf 83' lang='lat' dir='ltr'>Davidis</span> <span class='ocrx_word' id='word_1_68' title='bbox 726 499 858 540; x_wconf 85' lang='lat' dir='ltr'>Patris</span> <span class='ocrx_word' id='word_1_69' title='bbox 874 499 1077 548; x_wconf 78' lang='lat' dir='ltr'>familias,</span> <span class='ocrx_word' id='word_1_70' title='bbox 1106 503 1144 542; x_wconf 84' lang='lat'>&amp;</span> <span class='ocrx_word' id='word_1_71' title='bbox 1184 501 1287 540; x_wconf 83' lang='lat' dir='ltr'>Sarae</span> <span class='ocrx_word' id='word_1_72' title='bbox 1307 499 1482 546; x_wconf 85' lang='lat' dir='ltr'>Uxoris,</span> <span class='ocrx_word' id='word_1_73' title='bbox 1501 501 1570 551; x_wconf 88' lang='lat' dir='ltr'>qui</span> <span class='ocrx_word' id='word_1_74' title='bbox 1587 503 1702 541; x_wconf 89' lang='lat' dir='ltr'>nullo</span> <span class='ocrx_word' id='word_1_75' title='bbox 1726 503 1849 541; x_wconf 84' lang='lat' dir='ltr'>modo</span> 
     </span>
     <span class='ocr_line' id='line_1_9' title="bbox 525 551 980 601; baseline 0.002 -10"><span class='ocrx_word' id='word_1_76' title='bbox 525 564 628 601; x_wconf 82' lang='lat' dir='ltr'>aqua</span> <span class='ocrx_word' id='word_1_77' title='bbox 646 551 809 592; x_wconf 85' lang='lat' dir='ltr'>fuerunt</span> <span class='ocrx_word' id='word_1_78' title='bbox 827 553 980 593; x_wconf 87' lang='lat' dir='ltr'>abluti.</span> 
     </span>
    </p>

    <p class='ocr_par' dir='ltr' id='par_1_3' title="bbox 473 604 1845 1071">
     <span class='ocr_line' id='line_1_10' title="bbox 473 604 1845 664; baseline 0 -20"><span class='ocrx_word' id='word_1_79' title='bbox 473 605 528 654; x_wconf 80' lang='lat' dir='ltr'>Ex</span> <span class='ocrx_word' id='word_1_80' title='bbox 549 604 632 643; x_wconf 89' lang='lat' dir='ltr'>alio</span> <span class='ocrx_word' id='word_1_81' title='bbox 648 616 809 656; x_wconf 89' lang='lat' dir='ltr'>quoque</span> <span class='ocrx_word' id='word_1_82' title='bbox 825 607 960 664; x_wconf 77' lang='lat' dir='ltr'>capite</span> <span class='ocrx_word' id='word_1_83' title='bbox 988 605 1160 646; x_wconf 86' lang='lat' dir='ltr'>collatio</span> <span class='ocrx_word' id='word_1_84' title='bbox 1187 605 1382 655; x_wconf 89' lang='lat' dir='ltr'>Baptismi</span> <span class='ocrx_word' id='word_1_85' title='bbox 1399 629 1412 649; x_wconf 94' lang='lat'>,</span> <span class='ocrx_word' id='word_1_86' title='bbox 1442 606 1494 644; x_wconf 90' lang='lat' dir='ltr'>de</span> <span class='ocrx_word' id='word_1_87' title='bbox 1518 618 1597 663; x_wconf 78' lang='lat' dir='ltr'>qua</span> <span class='ocrx_word' id='word_1_88' title='bbox 1613 606 1744 656; x_wconf 85' lang='lat' dir='ltr'>agitur</span> <span class='ocrx_word' id='word_1_89' title='bbox 1760 631 1773 652; x_wconf 95' lang='lat'>,</span> <span class='ocrx_word' id='word_1_90' title='bbox 1805 607 1845 646; x_wconf 90' lang='lat' dir='ltr'>in</span> 
     </span>
     <span class='ocr_line' id='line_1_11' title="bbox 525 656 1847 708; baseline 0.002 -13"><span class='ocrx_word' id='word_1_91' title='bbox 525 656 746 695; x_wconf 84' lang='lat' dir='ltr'>maximam</span> <span class='ocrx_word' id='word_1_92' title='bbox 778 659 893 703; x_wconf 88' lang='lat' dir='ltr'>venit</span> <span class='ocrx_word' id='word_1_93' title='bbox 927 658 1135 698; x_wconf 84' lang='lat' dir='ltr'>nullitatis</span> <span class='ocrx_word' id='word_1_94' title='bbox 1159 658 1458 708; x_wconf 81' lang='lat' dir='ltr'>suspicionem,</span> <span class='ocrx_word' id='word_1_95' title='bbox 1487 670 1681 696; x_wconf 82' lang='lat' dir='ltr'>mmirum</span> <span class='ocrx_word' id='word_1_96' title='bbox 1709 671 1755 697; x_wconf 80' lang='lat' dir='ltr'>ex</span> <span class='ocrx_word' id='word_1_97' title='bbox 1773 657 1847 697; x_wconf 89' lang='lat' dir='ltr'>de-</span> 
     </span>
     <span class='ocr_line' id='line_1_12' title="bbox 520 707 1843 760; baseline 0.001 -13"><span class='ocrx_word' id='word_1_98' title='bbox 520 707 629 748; x_wconf 65' lang='lat' dir='ltr'>femi</span> <span class='ocrx_word' id='word_1_99' title='bbox 648 709 792 748; x_wconf 73' lang='lat' dir='ltr'>debit-ae</span> <span class='ocrx_word' id='word_1_100' title='bbox 809 710 1097 759; x_wconf 73' lang='lat' dir='ltr'>applicationis</span> <span class='ocrx_word' id='word_1_101' title='bbox 1111 714 1327 751; x_wconf 90' lang='lat' dir='ltr'>verborum</span> <span class='ocrx_word' id='word_1_102' title='bbox 1343 735 1355 755; x_wconf 93' lang='lat'>,</span> <span class='ocrx_word' id='word_1_103' title='bbox 1388 722 1473 760; x_wconf 79' lang='lat' dir='ltr'>quae</span> <span class='ocrx_word' id='word_1_104' title='bbox 1491 710 1742 749; x_wconf 83' lang='lat' dir='ltr'>Sacramenti</span> <span class='ocrx_word' id='word_1_105' title='bbox 1766 709 1843 748; x_wconf 87' lang='lat' dir='ltr'>for-</span> 
     </span>
     <span class='ocr_line' id='line_1_13' title="bbox 520 761 1844 812; baseline 0.001 -12"><span class='ocrx_word' id='word_1_106' title='bbox 520 772 631 800; x_wconf 86' lang='lat' dir='ltr'>mam</span> <span class='ocrx_word' id='word_1_107' title='bbox 647 762 923 802; x_wconf 88' lang='lat' dir='ltr'>constituunt.</span> <span class='ocrx_word' id='word_1_108' title='bbox 955 763 996 801; x_wconf 92' lang='lat' dir='ltr'>Si</span> <span class='ocrx_word' id='word_1_109' title='bbox 1013 763 1123 808; x_wconf 87' lang='lat' dir='ltr'>enim</span> <span class='ocrx_word' id='word_1_110' title='bbox 1139 762 1409 812; x_wconf 76' lang='lat' dir='ltr'>depositiones</span> <span class='ocrx_word' id='word_1_111' title='bbox 1425 761 1471 807; x_wconf 90' lang='lat' dir='ltr'>Li</span> <span class='ocrx_word' id='word_1_112' title='bbox 1478 775 1505 800; x_wconf 74' lang='lat' dir='ltr'>e</span> <span class='ocrx_word' id='word_1_113' title='bbox 1526 785 1538 805; x_wconf 85' lang='lat'>,</span> <span class='ocrx_word' id='word_1_114' title='bbox 1558 761 1657 800; x_wconf 72' lang='lat' dir='ltr'>Sarae</span> <span class='ocrx_word' id='word_1_115' title='bbox 1672 787 1683 806; x_wconf 94' lang='lat'>,</span> <span class='ocrx_word' id='word_1_116' title='bbox 1704 763 1741 808; x_wconf 73' lang='grc'>3(</span> <span class='ocrx_word' id='word_1_117' title='bbox 1760 762 1844 806; x_wconf 85' lang='lat' dir='ltr'>Da-</span> 
     </span>
     <span class='ocr_line' id='line_1_14' title="bbox 517 812 1844 863; baseline 0.002 -12"><span class='ocrx_word' id='word_1_118' title='bbox 517 812 623 861; x_wconf 84' lang='lat' dir='ltr'>vidis</span> <span class='ocrx_word' id='word_1_119' title='bbox 660 813 722 852; x_wconf 78' lang='lat' dir='ltr'>vel</span> <span class='ocrx_word' id='word_1_120' title='bbox 739 814 890 853; x_wconf 86' lang='lat' dir='ltr'>leviter</span> <span class='ocrx_word' id='word_1_121' title='bbox 909 825 1042 863; x_wconf 80' lang='lat' dir='ltr'>perpe</span> <span class='ocrx_word' id='word_1_122' title='bbox 1037 816 1208 854; x_wconf 76' lang='lat' dir='ltr'>··1dantui</span> <span class='ocrx_word' id='word_1_123' title='bbox 1224 841 1237 859; x_wconf 90' lang='lat'>,</span> <span class='ocrx_word' id='word_1_124' title='bbox 1272 815 1413 862; x_wconf 68' lang='lat' dir='ltr'>aperte</span> <span class='ocrx_word' id='word_1_125' title='bbox 1450 814 1668 853; x_wconf 80' lang='lat' dir='ltr'>innotetcit</span> <span class='ocrx_word' id='word_1_126' title='bbox 1688 838 1701 857; x_wconf 94' lang='lat'>,</span> <span class='ocrx_word' id='word_1_127' title='bbox 1732 815 1844 854; x_wconf 82' lang='lat' dir='ltr'>nulla</span> 
     </span>
     <span class='ocr_line' id='line_1_15' title="bbox 518 858 1842 916; baseline 0.002 -14"><span class='ocrx_word' id='word_1_128' title='bbox 518 858 679 915; x_wconf 80' lang='lat' dir='ltr'>prolata</span> <span class='ocrx_word' id='word_1_129' title='bbox 695 864 809 905; x_wconf 81' lang='lat' dir='ltr'>fuisse</span> <span class='ocrx_word' id='word_1_130' title='bbox 823 867 944 906; x_wconf 83' lang='lat' dir='ltr'>verba</span> <span class='ocrx_word' id='word_1_131' title='bbox 981 879 1002 906; x_wconf 86' lang='lat' dir='ltr'>a</span> <span class='ocrx_word' id='word_1_132' title='bbox 1018 867 1201 907; x_wconf 87' lang='lat' dir='ltr'>Muliere</span> <span class='ocrx_word' id='word_1_133' title='bbox 1216 867 1454 916; x_wconf 88' lang='lat' dir='ltr'>baptizante</span> <span class='ocrx_word' id='word_1_134' title='bbox 1469 890 1482 910; x_wconf 90' lang='lat'>,</span> <span class='ocrx_word' id='word_1_135' title='bbox 1498 866 1684 916; x_wconf 78' lang='lat' dir='ltr'>nihilque</span> <span class='ocrx_word' id='word_1_136' title='bbox 1703 869 1749 905; x_wconf 83' lang='lat' dir='ltr'>ab</span> <span class='ocrx_word' id='word_1_137' title='bbox 1764 877 1842 906; x_wconf 63' lang='lat' dir='ltr'>eci-2</span> 
     </span>
     <span class='ocr_line' id='line_1_16' title="bbox 527 915 1841 970; baseline 0.002 -14"><span class='ocrx_word' id='word_1_138' title='bbox 527 915 640 956; x_wconf 82' lang='lat' dir='ltr'>fuisse</span> <span class='ocrx_word' id='word_1_139' title='bbox 659 918 974 966; x_wconf 85' lang='lat' dir='ltr'>pronunciatum</span> <span class='ocrx_word' id='word_1_140' title='bbox 991 943 1004 962; x_wconf 92' lang='lat'>,</span> <span class='ocrx_word' id='word_1_141' title='bbox 1021 918 1118 958; x_wconf 89' lang='lat' dir='ltr'>dum</span> <span class='ocrx_word' id='word_1_142' title='bbox 1135 931 1237 970; x_wconf 86' lang='lat' dir='ltr'>aqua</span> <span class='ocrx_word' id='word_1_143' title='bbox 1253 919 1558 958; x_wconf 81' lang='lat' dir='ltr'>circumstantes</span> <span class='ocrx_word' id='word_1_144' title='bbox 1575 919 1809 968; x_wconf 80' lang='lat' dir='ltr'>aspergebat</span> <span class='ocrx_word' id='word_1_145' title='bbox 1827 944 1841 964; x_wconf 88' lang='lat'>,</span> 
     </span>
     <span class='ocr_line' id='line_1_17' title="bbox 515 963 1843 1019; baseline 0.001 -11"><span class='ocrx_word' id='word_1_146' title='bbox 515 963 864 1019; x_wconf 79' lang='lat' dir='ltr'>quemadmodum</span> <span class='ocrx_word' id='word_1_147' title='bbox 897 972 1078 1011; x_wconf 88' lang='lat' dir='ltr'>unanimi</span> <span class='ocrx_word' id='word_1_148' title='bbox 1109 971 1300 1011; x_wconf 85' lang='lat' dir='ltr'>consensu</span> <span class='ocrx_word' id='word_1_149' title='bbox 1330 970 1607 1019; x_wconf 85' lang='lat' dir='ltr'>deposuerunt</span> <span class='ocrx_word' id='word_1_150' title='bbox 1632 983 1771 1011; x_wconf 85' lang='lat' dir='ltr'>omnes</span> <span class='ocrx_word' id='word_1_151' title='bbox 1803 972 1843 1010; x_wconf 91' lang='lat' dir='ltr'>in</span> 
     </span>
     <span class='ocr_line' id='line_1_18' title="bbox 516 1021 1507 1071; baseline 0 -10"><span class='ocrx_word' id='word_1_152' title='bbox 516 1021 833 1071; x_wconf 86' lang='lat' dir='ltr'>responsionibus</span> <span class='ocrx_word' id='word_1_153' title='bbox 848 1022 896 1062; x_wconf 88' lang='lat' dir='ltr'>ad</span> <span class='ocrx_word' id='word_1_154' title='bbox 914 1028 1010 1067; x_wconf 83' lang='lat'>3.‚6</span> <span class='ocrx_word' id='word_1_155' title='bbox 1012 1054 1021 1063; x_wconf 90' lang='lat'><strong>.</strong></span> <span class='ocrx_word' id='word_1_156' title='bbox 1040 1049 1054 1067; x_wconf 93' lang='lat'>,</span> <span class='ocrx_word' id='word_1_157' title='bbox 1073 1038 1126 1070; x_wconf 90' lang='lat'>7.‚</span> <span class='ocrx_word' id='word_1_158' title='bbox 1144 1026 1181 1064; x_wconf 79' lang='grc'>8(</span> <span class='ocrx_word' id='word_1_159' title='bbox 1199 1029 1232 1063; x_wconf 89' lang='lat'>8.</span> <span class='ocrx_word' id='word_1_160' title='bbox 1250 1023 1477 1067; x_wconf 81' lang='lat' dir='ltr'>articulum</span> <span class='ocrx_word' id='word_1_161' title='bbox 1497 1052 1507 1061; x_wconf 88' lang='lat'><strong><em>.</em></strong></span> 
     </span>
    </p>

    <p class='ocr_par' dir='ltr' id='par_1_4' title="bbox 464 1072 1845 2585">
     <span class='ocr_line' id='line_1_19' title="bbox 464 1072 1843 1125; baseline 0.001 -12"><span class='ocrx_word' id='word_1_162' title='bbox 464 1072 557 1119; x_wconf 85' lang='lat' dir='ltr'>Non</span> <span class='ocrx_word' id='word_1_163' title='bbox 572 1075 626 1113; x_wconf 88' lang='lat' dir='ltr'>est</span> <span class='ocrx_word' id='word_1_164' title='bbox 655 1083 794 1124; x_wconf 84' lang='lat' dir='ltr'>tamen</span> <span class='ocrx_word' id='word_1_165' title='bbox 828 1073 1189 1125; x_wconf 74' lang='lat' dir='ltr'>dissimulandum,</span> <span class='ocrx_word' id='word_1_166' title='bbox 1215 1075 1325 1115; x_wconf 91' lang='lat' dir='ltr'>hisce</span> <span class='ocrx_word' id='word_1_167' title='bbox 1354 1075 1672 1124; x_wconf 73' lang='lat' dir='ltr'>depositionibus</span> <span class='ocrx_word' id='word_1_168' title='bbox 1701 1076 1843 1123; x_wconf 71' lang='lat' dir='ltr'>aperte</span> 
     </span>
     <span class='ocr_line' id='line_1_20' title="bbox 515 1127 1845 1177; baseline 0.002 -13"><span class='ocrx_word' id='word_1_169' title='bbox 515 1138 695 1176; x_wconf 81' lang='lat' dir='ltr'>pugnare</span> <span class='ocrx_word' id='word_1_170' title='bbox 710 1151 724 1172; x_wconf 96' lang='lat'>,</span> <span class='ocrx_word' id='word_1_171' title='bbox 751 1139 836 1176; x_wconf 90' lang='lat' dir='ltr'>quae</span> <span class='ocrx_word' id='word_1_172' title='bbox 859 1128 897 1166; x_wconf 86' lang='lat' dir='ltr'>in</span> <span class='ocrx_word' id='word_1_173' title='bbox 915 1128 1038 1177; x_wconf 87' lang='lat' dir='ltr'>priori</span> <span class='ocrx_word' id='word_1_174' title='bbox 1058 1127 1361 1173; x_wconf 84' lang='lat' dir='ltr'>extrajudiciali</span> <span class='ocrx_word' id='word_1_175' title='bbox 1389 1128 1572 1166; x_wconf 82' lang='lat' dir='ltr'>examine</span> <span class='ocrx_word' id='word_1_176' title='bbox 1591 1128 1668 1174; x_wconf 82' lang='lat' dir='ltr'>ipsa</span> <span class='ocrx_word' id='word_1_177' title='bbox 1688 1127 1845 1167; x_wconf 82' lang='lat' dir='ltr'>Mulier</span> 
     </span>
     <span class='ocr_line' id='line_1_21' title="bbox 515 1177 1839 1230; baseline 0.002 -13"><span class='ocrx_word' id='word_1_178' title='bbox 515 1178 725 1226; x_wconf 79' lang='lat' dir='ltr'>baptizans</span> <span class='ocrx_word' id='word_1_179' title='bbox 740 1177 832 1218; x_wconf 76' lang='lat' dir='ltr'>fassa</span> <span class='ocrx_word' id='word_1_180' title='bbox 851 1178 983 1219; x_wconf 86' lang='lat' dir='ltr'>fuerat</span> <span class='ocrx_word' id='word_1_181' title='bbox 1001 1207 1013 1226; x_wconf 94' lang='lat'>,</span> <span class='ocrx_word' id='word_1_182' title='bbox 1044 1182 1238 1220; x_wconf 83' lang='lat' dir='ltr'>nimirum</span> <span class='ocrx_word' id='word_1_183' title='bbox 1260 1206 1270 1225; x_wconf 84' lang='lat'>‚</span> <span class='ocrx_word' id='word_1_184' title='bbox 1288 1181 1334 1229; x_wconf 85' lang='lat' dir='ltr'>se</span> <span class='ocrx_word' id='word_1_185' title='bbox 1364 1193 1455 1230; x_wconf 73' lang='lat' dir='ltr'>aqut</span> <span class='ocrx_word' id='word_1_186' title='bbox 1473 1180 1613 1228; x_wconf 84' lang='lat' dir='ltr'>lustrali</span> <span class='ocrx_word' id='word_1_187' title='bbox 1627 1180 1839 1230; x_wconf 53' lang='lat' dir='ltr'>asperfiffea</span> 
     </span>
     <span class='ocr_line' id='line_1_22' title="bbox 514 1232 1840 1285; baseline 0 -16"><span class='ocrx_word' id='word_1_188' title='bbox 514 1241 709 1281; x_wconf 75' lang='lat' dir='ltr'>utrumque</span> <span class='ocrx_word' id='word_1_189' title='bbox 722 1233 917 1271; x_wconf 74' lang='lat' dir='ltr'>parentem</span> <span class='ocrx_word' id='word_1_190' title='bbox 932 1259 944 1277; x_wconf 86' lang='lat'>,</span> <span class='ocrx_word' id='word_1_191' title='bbox 965 1233 1089 1285; x_wconf 81' lang='lat' dir='ltr'>filiofq</span> <span class='ocrx_word' id='word_1_192' title='bbox 1092 1247 1136 1272; x_wconf 83' lang='lat' dir='ltr'>ue</span> <span class='ocrx_word' id='word_1_193' title='bbox 1148 1246 1262 1271; x_wconf 84' lang='lat' dir='ltr'>omnes</span> <span class='ocrx_word' id='word_1_194' title='bbox 1280 1257 1293 1275; x_wconf 95' lang='lat'>,</span> <span class='ocrx_word' id='word_1_195' title='bbox 1324 1233 1474 1281; x_wconf 76' lang='lat' dir='ltr'>quqsque</span> <span class='ocrx_word' id='word_1_196' title='bbox 1488 1232 1659 1280; x_wconf 85' lang='lat' dir='ltr'>seorfim,</span> <span class='ocrx_word' id='word_1_197' title='bbox 1685 1242 1840 1281; x_wconf 82' lang='lat' dir='ltr'>pronun-</span> 
     </span>
     <span class='ocr_line' id='line_1_23' title="bbox 514 1284 1838 1334; baseline 0 -14"><span class='ocrx_word' id='word_1_198' title='bbox 514 1287 608 1321; x_wconf 80' lang='lat' dir='ltr'>tiata</span> <span class='ocrx_word' id='word_1_199' title='bbox 619 1284 728 1333; x_wconf 81' lang='lat' dir='ltr'>stmul</span> <span class='ocrx_word' id='word_1_200' title='bbox 751 1288 854 1322; x_wconf 78' lang='lat' dir='ltr'>toties</span> <span class='ocrx_word' id='word_1_201' title='bbox 870 1287 918 1323; x_wconf 93' lang='lat' dir='ltr'>S.</span> <span class='ocrx_word' id='word_1_202' title='bbox 937 1286 1136 1334; x_wconf 80' lang='lat' dir='ltr'>Baptismi</span> <span class='ocrx_word' id='word_1_203' title='bbox 1140 1286 1277 1326; x_wconf 73' lang='lat' dir='ltr'>forma:</span> <span class='ocrx_word' id='word_1_204' title='bbox 1304 1284 1382 1332; x_wconf 77' lang='lat' dir='ltr'>Ego</span> <span class='ocrx_word' id='word_1_205' title='bbox 1406 1294 1442 1321; x_wconf 82' lang='lat' dir='ltr'>te</span> <span class='ocrx_word' id='word_1_206' title='bbox 1459 1287 1604 1333; x_wconf 72' lang='lat' dir='ltr'>,baptizo</span> <span class='ocrx_word' id='word_1_207' title='bbox 1635 1289 1672 1321; x_wconf 84' lang='lat' dir='ltr'>in</span> <span class='ocrx_word' id='word_1_208' title='bbox 1701 1289 1838 1322; x_wconf 80' lang='lat' dir='ltr'>nomine</span> 
     </span>
     <span class='ocr_line' id='line_1_24' title="bbox 511 1335 1845 1389; baseline 0.001 -16"><span class='ocrx_word' id='word_1_209' title='bbox 511 1335 640 1374; x_wconf 81' lang='lat' dir='ltr'>Patris</span> <span class='ocrx_word' id='word_1_210' title='bbox 655 1361 668 1381; x_wconf 92' lang='lat'>,</span> <span class='ocrx_word' id='word_1_211' title='bbox 687 1340 729 1381; x_wconf 65' lang='grc' dir='ltr'>ὠ·</span> <span class='ocrx_word' id='word_1_212' title='bbox 746 1338 841 1376; x_wconf 79' lang='lat' dir='ltr'>Filii</span> <span class='ocrx_word' id='word_1_213' title='bbox 856 1363 869 1382; x_wconf 93' lang='lat'>,</span> <span class='ocrx_word' id='word_1_214' title='bbox 900 1340 943 1381; x_wconf 66' lang='grc' dir='ltr'>(ς’</span> <span class='ocrx_word' id='word_1_215' title='bbox 956 1340 1113 1389; x_wconf 78' lang='lat' dir='ltr'>Spiritus</span> <span class='ocrx_word' id='word_1_216' title='bbox 1130 1339 1257 1377; x_wconf 74' lang='lat' dir='ltr'>Sanflt&#39;</span> <span class='ocrx_word' id='word_1_217' title='bbox 1273 1361 1286 1385; x_wconf 84' lang='lat'>,</span> <span class='ocrx_word' id='word_1_218' title='bbox 1313 1338 1473 1385; x_wconf 81' lang='lat' dir='ltr'>Amen.</span> <span class='ocrx_word' id='word_1_219' title='bbox 1506 1336 1559 1374; x_wconf 90' lang='grc' dir='ltr'>Η</span> <span class='ocrx_word' id='word_1_220' title='bbox 1553 1348 1614 1374; x_wconf 80' lang='grc'><strong>111(-</strong></span> <span class='ocrx_word' id='word_1_221' title='bbox 1636 1337 1845 1386; x_wconf 86' lang='lat' dir='ltr'>inquiren·</span> 
     </span>
     <span class='ocr_line' id='line_1_25' title="bbox 510 1387 1840 1440; baseline 0.002 -14"><span class='ocrx_word' id='word_1_222' title='bbox 510 1387 608 1427; x_wconf 88' lang='lat' dir='ltr'>dum</span> <span class='ocrx_word' id='word_1_223' title='bbox 624 1389 704 1434; x_wconf 89' lang='lat' dir='ltr'>est,</span> <span class='ocrx_word' id='word_1_224' title='bbox 737 1402 831 1429; x_wconf 89' lang='lat' dir='ltr'>num</span> <span class='ocrx_word' id='word_1_225' title='bbox 846 1389 1018 1430; x_wconf 89' lang='lat' dir='ltr'>Mulieri</span> <span class='ocrx_word' id='word_1_226' title='bbox 1053 1391 1188 1440; x_wconf 84' lang='lat' dir='ltr'>potius</span> <span class='ocrx_word' id='word_1_227' title='bbox 1216 1389 1442 1439; x_wconf 66' lang='lat' dir='ltr'>baptizanti</span> <span class='ocrx_word' id='word_1_228' title='bbox 1473 1399 1515 1429; x_wconf 82' lang='lat' dir='ltr'>pr</span> <span class='ocrx_word' id='word_1_229' title='bbox 1521 1389 1685 1427; x_wconf 64' lang='lat' dir='ltr'>testanda</span> <span class='ocrx_word' id='word_1_230' title='bbox 1718 1390 1763 1428; x_wconf 86' lang='lat' dir='ltr'>fit</span> <span class='ocrx_word' id='word_1_231' title='bbox 1793 1389 1840 1428; x_wconf 86' lang='lat' dir='ltr'>fi-</span> 
     </span>
     <span class='ocr_line' id='line_1_26' title="bbox 513 1439 1840 1494; baseline 0.002 -15"><span class='ocrx_word' id='word_1_232' title='bbox 513 1439 584 1480; x_wconf 91' lang='lat' dir='ltr'>des</span> <span class='ocrx_word' id='word_1_233' title='bbox 601 1466 613 1486; x_wconf 91' lang='lat'>,</span> <span class='ocrx_word' id='word_1_234' title='bbox 647 1454 768 1491; x_wconf 90' lang='lat' dir='ltr'>quam</span> <span class='ocrx_word' id='word_1_235' title='bbox 799 1442 878 1487; x_wconf 87' lang='lat' dir='ltr'>iis,</span> <span class='ocrx_word' id='word_1_236' title='bbox 906 1443 974 1494; x_wconf 90' lang='lat' dir='ltr'>qui</span> <span class='ocrx_word' id='word_1_237' title='bbox 1009 1443 1261 1491; x_wconf 85' lang='lat' dir='ltr'>Baptismum</span> <span class='ocrx_word' id='word_1_238' title='bbox 1282 1443 1568 1491; x_wconf 85' lang='lat' dir='ltr'>susceperunt,</span> <span class='ocrx_word' id='word_1_239' title='bbox 1599 1443 1752 1490; x_wconf 85' lang='lat' dir='ltr'>quique</span> <span class='ocrx_word' id='word_1_240' title='bbox 1769 1455 1840 1482; x_wconf 89' lang='lat' dir='ltr'>nec</span> 
     </span>
     <span class='ocr_line' id='line_1_27' title="bbox 511 1492 1841 1550; baseline 0.002 -19"><span class='ocrx_word' id='word_1_241' title='bbox 511 1504 613 1550; x_wconf 85' lang='lat' dir='ltr'>aqua</span> <span class='ocrx_word' id='word_1_242' title='bbox 635 1492 751 1546; x_wconf 78' lang='lat' dir='ltr'>fuisse</span> <span class='ocrx_word' id='word_1_243' title='bbox 764 1496 969 1547; x_wconf 70' lang='grc' dir='ltr'>3η3ἂρε,</span> <span class='ocrx_word' id='word_1_244' title='bbox 999 1507 1072 1536; x_wconf 90' lang='lat' dir='ltr'>nec</span> <span class='ocrx_word' id='word_1_245' title='bbox 1092 1497 1260 1535; x_wconf 85' lang='lat' dir='ltr'>verbum</span> <span class='ocrx_word' id='word_1_246' title='bbox 1278 1496 1411 1533; x_wconf 87' lang='lat' dir='ltr'>ullum</span> <span class='ocrx_word' id='word_1_247' title='bbox 1444 1495 1491 1532; x_wconf 85' lang='lat' dir='ltr'>ab</span> <span class='ocrx_word' id='word_1_248' title='bbox 1520 1505 1566 1540; x_wconf 80' lang='lat' dir='ltr'>ea</span> <span class='ocrx_word' id='word_1_249' title='bbox 1605 1495 1841 1541; x_wconf 67' lang='lat' dir='ltr'>prolatum</span> 
     </span>
     <span class='ocr_line' id='line_1_28' title="bbox 510 1542 1837 1598; baseline 0.002 -15"><span class='ocrx_word' id='word_1_250' title='bbox 510 1542 716 1597; x_wconf 73' lang='lat' dir='ltr'>audiviffie</span> <span class='ocrx_word' id='word_1_251' title='bbox 724 1544 1038 1596; x_wconf 85' lang='lat' dir='ltr'>deposuerunt.</span> <span class='ocrx_word' id='word_1_252' title='bbox 1069 1548 1160 1598; x_wconf 86' lang='lat' dir='ltr'>Qua</span> <span class='ocrx_word' id='word_1_253' title='bbox 1181 1547 1374 1598; x_wconf 84' lang='lat' dir='ltr'>quidem</span> <span class='ocrx_word' id='word_1_254' title='bbox 1368 1560 1408 1585; x_wconf 87' lang='grc'>111</span> <span class='ocrx_word' id='word_1_255' title='bbox 1423 1558 1464 1584; x_wconf 83' lang='lat' dir='ltr'>re</span> <span class='ocrx_word' id='word_1_256' title='bbox 1483 1545 1735 1593; x_wconf 86' lang='lat' dir='ltr'>perpendere</span> <span class='ocrx_word' id='word_1_257' title='bbox 1754 1548 1837 1593; x_wconf 90' lang='lat' dir='ltr'>pri-</span> 
     </span>
     <span class='ocr_line' id='line_1_29' title="bbox 508 1599 1838 1651; baseline 0.002 -16"><span class='ocrx_word' id='word_1_258' title='bbox 508 1609 622 1636; x_wconf 89' lang='lat' dir='ltr'>mum</span> <span class='ocrx_word' id='word_1_259' title='bbox 644 1608 812 1647; x_wconf 86' lang='lat' dir='ltr'>oportet</span> <span class='ocrx_word' id='word_1_260' title='bbox 828 1627 840 1644; x_wconf 90' lang='lat'><strong>‚</strong></span> <span class='ocrx_word' id='word_1_261' title='bbox 869 1601 973 1651; x_wconf 93' lang='lat' dir='ltr'>quod</span> <span class='ocrx_word' id='word_1_262' title='bbox 993 1600 1149 1641; x_wconf 88' lang='lat' dir='ltr'>Mulier</span> <span class='ocrx_word' id='word_1_263' title='bbox 1166 1601 1376 1650; x_wconf 85' lang='lat' dir='ltr'>baptizans</span> <span class='ocrx_word' id='word_1_264' title='bbox 1391 1625 1403 1644; x_wconf 83' lang='lat'>‚</span> <span class='ocrx_word' id='word_1_265' title='bbox 1437 1600 1568 1636; x_wconf 82' lang='lat' dir='ltr'>nedum</span> <span class='ocrx_word' id='word_1_266' title='bbox 1589 1599 1797 1649; x_wconf 81' lang='lat' dir='ltr'>smplexstt</span> <span class='ocrx_word' id='word_1_267' title='bbox 1823 1625 1838 1644; x_wconf 90' lang='lat'>‚</span> 
     </span>
     <span class='ocr_line' id='line_1_30' title="bbox 510 1651 1835 1701; baseline 0.001 -14"><span class='ocrx_word' id='word_1_268' title='bbox 510 1652 555 1693; x_wconf 58' lang='grc' dir='ltr'>ξφ</span> <span class='ocrx_word' id='word_1_269' title='bbox 569 1651 741 1689; x_wconf 75' lang='lat' dir='ltr'>devotata.</span> <span class='ocrx_word' id='word_1_270' title='bbox 755 1676 768 1695; x_wconf 89' lang='lat'>‚</span> <span class='ocrx_word' id='word_1_271' title='bbox 786 1652 862 1700; x_wconf 83' lang='lat' dir='ltr'>sed</span> <span class='ocrx_word' id='word_1_272' title='bbox 877 1655 977 1691; x_wconf 64' lang='lat' dir='ltr'>refi&#39;t&#39;ae</span> <span class='ocrx_word' id='word_1_273' title='bbox 994 1658 1141 1691; x_wconf 78' lang='lat' dir='ltr'>rationis</span> <span class='ocrx_word' id='word_1_274' title='bbox 1157 1653 1259 1701; x_wconf 83' lang='lat' dir='ltr'>usum</span> <span class='ocrx_word' id='word_1_275' title='bbox 1276 1678 1289 1695; x_wconf 93' lang='lat'>,</span> <span class='ocrx_word' id='word_1_276' title='bbox 1319 1663 1361 1690; x_wconf 79' lang='lat' dir='ltr'>ut</span> <span class='ocrx_word' id='word_1_277' title='bbox 1391 1654 1580 1689; x_wconf 81' lang='lat' dir='ltr'>communis</span> <span class='ocrx_word' id='word_1_278' title='bbox 1604 1651 1684 1697; x_wconf 82' lang='lat' dir='ltr'>sert</span> <span class='ocrx_word' id='word_1_279' title='bbox 1700 1652 1804 1698; x_wconf 85' lang='lat' dir='ltr'>s1ma</span> <span class='ocrx_word' id='word_1_280' title='bbox 1820 1678 1835 1697; x_wconf 86' lang='lat'>‚</span> 
     </span>
     <span class='ocr_line' id='line_1_31' title="bbox 508 1703 1833 1753; baseline 0.001 -13"><span class='ocrx_word' id='word_1_281' title='bbox 508 1715 577 1740; x_wconf 73' lang='lat' dir='ltr'>nou</span> <span class='ocrx_word' id='word_1_282' title='bbox 592 1704 754 1748; x_wconf 81' lang='lat' dir='ltr'>haheat,</span> <span class='ocrx_word' id='word_1_283' title='bbox 775 1705 972 1751; x_wconf 85' lang='lat' dir='ltr'>praesertim</span> <span class='ocrx_word' id='word_1_284' title='bbox 983 1719 1092 1742; x_wconf 82' lang='lat' dir='ltr'>verno</span> <span class='ocrx_word' id='word_1_285' title='bbox 1113 1729 1126 1748; x_wconf 90' lang='lat'>,</span> <span class='ocrx_word' id='word_1_286' title='bbox 1144 1709 1187 1749; x_wconf 71' lang='lat'>&amp;⁶</span> <span class='ocrx_word' id='word_1_287' title='bbox 1201 1706 1316 1753; x_wconf 72' lang='lat' dir='ltr'><em>aestivo</em></span> <span class='ocrx_word' id='word_1_288' title='bbox 1331 1713 1484 1751; x_wconf 76' lang='lat' dir='ltr'>tempore</span> <span class='ocrx_word' id='word_1_289' title='bbox 1500 1727 1512 1745; x_wconf 98' lang='lat'>,</span> <span class='ocrx_word' id='word_1_290' title='bbox 1538 1703 1833 1752; x_wconf 77' lang='lat' dir='ltr'>adeoquesaept&#39;us</span> 
     </span>
     <span class='ocr_line' id='line_1_32' title="bbox 504 1750 1834 1804; baseline 0.002 -12"><span class='ocrx_word' id='word_1_291' title='bbox 504 1754 692 1798; x_wconf 63' lang='lat' dir='ltr'>delirans,</span> <span class='ocrx_word' id='word_1_292' title='bbox 724 1750 898 1798; x_wconf 72' lang='lat' dir='ltr'>&amp;mente</span> <span class='ocrx_word' id='word_1_293' title='bbox 921 1757 970 1804; x_wconf 84' lang='lat' dir='ltr'>stt</span> <span class='ocrx_word' id='word_1_294' title='bbox 985 1757 1162 1804; x_wconf 72' lang='lat' dir='ltr'>conflaesa‚</span> <span class='ocrx_word' id='word_1_295' title='bbox 1190 1764 1309 1804; x_wconf 86' lang='lat' dir='ltr'>prout</span> <span class='ocrx_word' id='word_1_296' title='bbox 1341 1753 1687 1793; x_wconf 81' lang='lat' dir='ltr'>Reverendiffimo</span> <span class='ocrx_word' id='word_1_297' title='bbox 1716 1755 1834 1794; x_wconf 87' lang='lat' dir='ltr'>Nun-</span> 
     </span>
     <span class='ocr_line' id='line_1_33' title="bbox 505 1805 1828 1855; baseline 0.001 -10"><span class='ocrx_word' id='word_1_298' title='bbox 505 1807 569 1845; x_wconf 87' lang='lat' dir='ltr'>tio</span> <span class='ocrx_word' id='word_1_299' title='bbox 586 1805 823 1855; x_wconf 81' lang='lat' dir='ltr'>Apostolico</span> <span class='ocrx_word' id='word_1_300' title='bbox 854 1807 958 1855; x_wconf 83' lang='lat' dir='ltr'>apud</span> <span class='ocrx_word' id='word_1_301' title='bbox 986 1808 1211 1849; x_wconf 85' lang='lat' dir='ltr'>Helvetios</span> <span class='ocrx_word' id='word_1_302' title='bbox 1249 1807 1394 1846; x_wconf 80' lang='lat' dir='ltr'>retulit</span> <span class='ocrx_word' id='word_1_303' title='bbox 1423 1805 1660 1849; x_wconf 67' lang='lat' dir='ltr'>Praeiofitus</span> <span class='ocrx_word' id='word_1_304' title='bbox 1686 1807 1828 1848; x_wconf 87' lang='lat' dir='ltr'>Colle-</span> 
     </span>
     <span class='ocr_line' id='line_1_34' title="bbox 503 1854 1832 1909; baseline 0.002 -13"><span class='ocrx_word' id='word_1_305' title='bbox 503 1858 626 1909; x_wconf 79' lang='lat' dir='ltr'>giatoe</span> <span class='ocrx_word' id='word_1_306' title='bbox 645 1858 831 1897; x_wconf 77' lang='lat' dir='ltr'>Ecclesiae</span> <span class='ocrx_word' id='word_1_307' title='bbox 865 1858 903 1897; x_wconf 88' lang='lat' dir='ltr'>S.</span> <span class='ocrx_word' id='word_1_308' title='bbox 920 1859 1110 1899; x_wconf 86' lang='lat' dir='ltr'>Mauritii</span> <span class='ocrx_word' id='word_1_309' title='bbox 1130 1860 1177 1900; x_wconf 87' lang='lat' dir='ltr'>ad</span> <span class='ocrx_word' id='word_1_310' title='bbox 1197 1854 1371 1899; x_wconf 85' lang='lat' dir='ltr'>Nicrum</span> <span class='ocrx_word' id='word_1_311' title='bbox 1390 1885 1403 1903; x_wconf 91' lang='lat'>,</span> <span class='ocrx_word' id='word_1_312' title='bbox 1435 1857 1570 1908; x_wconf 91' lang='lat' dir='ltr'>quide</span> <span class='ocrx_word' id='word_1_313' title='bbox 1590 1858 1702 1897; x_wconf 83' lang='lat' dir='ltr'>illius</span> <span class='ocrx_word' id='word_1_314' title='bbox 1718 1872 1832 1899; x_wconf 83' lang='lat' dir='ltr'>man-</span> 
     </span>
     <span class='ocr_line' id='line_1_35' title="bbox 504 1905 1831 1968; baseline 0.004 -20"><span class='ocrx_word' id='word_1_315' title='bbox 504 1910 603 1949; x_wconf 87' lang='lat' dir='ltr'>dato</span> <span class='ocrx_word' id='word_1_316' title='bbox 629 1909 782 1949; x_wconf 64' lang='lat' dir='ltr'>dictam</span> <span class='ocrx_word' id='word_1_317' title='bbox 798 1905 1021 1952; x_wconf 87' lang='lat' dir='ltr'>Mulierem</span> <span class='ocrx_word' id='word_1_318' title='bbox 1038 1908 1202 1952; x_wconf 85' lang='lat' dir='ltr'>formali</span> <span class='ocrx_word' id='word_1_319' title='bbox 1221 1911 1398 1960; x_wconf 83' lang='lat' dir='ltr'>examini</span> <span class='ocrx_word' id='word_1_320' title='bbox 1414 1910 1608 1968; x_wconf 77' lang='lat' dir='ltr'>subjecit.</span> <span class='ocrx_word' id='word_1_321' title='bbox 1641 1911 1730 1950; x_wconf 87' lang='lat' dir='ltr'>Dei</span> <span class='ocrx_word' id='word_1_322' title='bbox 1725 1912 1831 1953; x_wconf 46' lang='grc' dir='ltr'>πῂ)</span> 
     </span>
     <span class='ocr_line' id='line_1_36' title="bbox 505 1957 1833 2015; baseline 0.002 -13"><span class='ocrx_word' id='word_1_323' title='bbox 505 1961 780 2013; x_wconf 78' lang='lat' dir='ltr'>animadverti</span> <span class='ocrx_word' id='word_1_324' title='bbox 801 1963 920 2003; x_wconf 89' lang='lat' dir='ltr'>debet</span> <span class='ocrx_word' id='word_1_325' title='bbox 935 1991 947 2010; x_wconf 91' lang='lat'>‚</span> <span class='ocrx_word' id='word_1_326' title='bbox 977 1966 1084 2015; x_wconf 89' lang='lat' dir='ltr'>quod</span> <span class='ocrx_word' id='word_1_327' title='bbox 1099 1965 1241 2004; x_wconf 87' lang='lat' dir='ltr'>eadem</span> <span class='ocrx_word' id='word_1_328' title='bbox 1265 1957 1449 2003; x_wconf 87' lang='lat' dir='ltr'>Mulier</span> <span class='ocrx_word' id='word_1_329' title='bbox 1441 1975 1478 2001; x_wconf 82' lang='grc'>111</span> <span class='ocrx_word' id='word_1_330' title='bbox 1495 1961 1659 2001; x_wconf 84' lang='lat' dir='ltr'>formali</span> <span class='ocrx_word' id='word_1_331' title='bbox 1679 1966 1833 2003; x_wconf 75' lang='lat' dir='ltr'>exami-</span> 
     </span>
     <span class='ocr_line' id='line_1_37' title="bbox 505 2013 1830 2073; baseline 0.002 -20"><span class='ocrx_word' id='word_1_332' title='bbox 505 2026 557 2054; x_wconf 86' lang='lat' dir='ltr'>ne</span> <span class='ocrx_word' id='word_1_333' title='bbox 589 2013 637 2053; x_wconf 88' lang='lat' dir='ltr'>ad</span> <span class='ocrx_word' id='word_1_334' title='bbox 652 2015 842 2067; x_wconf 87' lang='lat' dir='ltr'>quintum</span> <span class='ocrx_word' id='word_1_335' title='bbox 860 2017 1225 2073; x_wconf 85' lang='lat' dir='ltr'>interrogatorium</span> <span class='ocrx_word' id='word_1_336' title='bbox 1262 2015 1465 2065; x_wconf 84' lang='lat' dir='ltr'>respondit</span> <span class='ocrx_word' id='word_1_337' title='bbox 1489 2040 1501 2059; x_wconf 94' lang='lat'>,</span> <span class='ocrx_word' id='word_1_338' title='bbox 1518 2016 1561 2063; x_wconf 66' lang='grc' dir='ltr'>[ε</span> <span class='ocrx_word' id='word_1_339' title='bbox 1581 2029 1646 2052; x_wconf 83' lang='lat' dir='ltr'>non</span> <span class='ocrx_word' id='word_1_340' title='bbox 1661 2021 1830 2055; x_wconf 84' lang='lat' dir='ltr'>recorda·</span> 
     </span>
     <span class='ocr_line' id='line_1_38' title="bbox 502 2065 1830 2121; baseline 0.002 -15"><span class='ocrx_word' id='word_1_341' title='bbox 502 2069 538 2106; x_wconf 72' lang='lat' dir='ltr'>rs‘</span> <span class='ocrx_word' id='word_1_342' title='bbox 551 2090 564 2110; x_wconf 97' lang='lat'>,</span> <span class='ocrx_word' id='word_1_343' title='bbox 594 2075 718 2104; x_wconf 83' lang='lat' dir='ltr'>utrum</span> <span class='ocrx_word' id='word_1_344' title='bbox 736 2079 819 2105; x_wconf 85' lang='lat' dir='ltr'>ante</span> <span class='ocrx_word' id='word_1_345' title='bbox 835 2065 1032 2121; x_wconf 83' lang='lat' dir='ltr'>cujuslibet</span> <span class='ocrx_word' id='word_1_346' title='bbox 1041 2071 1194 2120; x_wconf 79' lang='lat' dir='ltr'>perfonae</span> <span class='ocrx_word' id='word_1_347' title='bbox 1206 2069 1431 2117; x_wconf 80' lang='lat' dir='ltr'>aspersionem</span> <span class='ocrx_word' id='word_1_348' title='bbox 1460 2070 1562 2104; x_wconf 75' lang='lat' dir='ltr'>toties</span> <span class='ocrx_word' id='word_1_349' title='bbox 1591 2073 1724 2116; x_wconf 80' lang='lat' dir='ltr'>quoties</span> <span class='ocrx_word' id='word_1_350' title='bbox 1751 2071 1830 2110; x_wconf 62' lang='lat' dir='ltr'>de)</span> 
     </span>
     <span class='ocr_line' id='line_1_39' title="bbox 503 2119 1829 2171; baseline 0.002 -13"><span class='ocrx_word' id='word_1_351' title='bbox 503 2132 594 2158; x_wconf 82' lang='lat' dir='ltr'>novo</span> <span class='ocrx_word' id='word_1_352' title='bbox 611 2119 768 2167; x_wconf 80' lang='lat' dir='ltr'>digitum</span> <span class='ocrx_word' id='word_1_353' title='bbox 797 2122 837 2158; x_wconf 77' lang='lat' dir='ltr'>in</span> <span class='ocrx_word' id='word_1_354' title='bbox 853 2134 982 2170; x_wconf 78' lang='lat' dir='ltr'>aquam</span> <span class='ocrx_word' id='word_1_355' title='bbox 998 2123 1219 2160; x_wconf 68' lang='lat' dir='ltr'>benediflam</span> <span class='ocrx_word' id='word_1_356' title='bbox 1232 2123 1457 2158; x_wconf 80' lang='lat' dir='ltr'>intinxerit.</span> <span class='ocrx_word' id='word_1_357' title='bbox 1489 2119 1549 2157; x_wconf 87' lang='lat' dir='ltr'>Ac</span> <span class='ocrx_word' id='word_1_358' title='bbox 1566 2119 1741 2171; x_wconf 79' lang='lat' dir='ltr'>denique</span> <span class='ocrx_word' id='word_1_359' title='bbox 1758 2134 1829 2161; x_wconf 84' lang='lat' dir='ltr'>no·-</span> 
     </span>
     <span class='ocr_line' id='line_1_40' title="bbox 504 2166 1830 2230; baseline 0.003 -20"><span class='ocrx_word' id='word_1_360' title='bbox 504 2169 673 2210; x_wconf 82' lang='lat' dir='ltr'>tandum</span> <span class='ocrx_word' id='word_1_361' title='bbox 693 2196 705 2213; x_wconf 88' lang='lat'>,</span> <span class='ocrx_word' id='word_1_362' title='bbox 724 2173 868 2230; x_wconf 88' lang='lat' dir='ltr'>quodq</span> <span class='ocrx_word' id='word_1_363' title='bbox 877 2173 1032 2213; x_wconf 82' lang='lat' dir='ltr'>uamvis</span> <span class='ocrx_word' id='word_1_364' title='bbox 1050 2174 1204 2214; x_wconf 85' lang='lat' dir='ltr'>Mulier</span> <span class='ocrx_word' id='word_1_365' title='bbox 1231 2166 1502 2222; x_wconf 83' lang='lat' dir='ltr'>deposuerit,</span> <span class='ocrx_word' id='word_1_366' title='bbox 1534 2173 1572 2210; x_wconf 88' lang='lat' dir='ltr'>se</span> <span class='ocrx_word' id='word_1_367' title='bbox 1588 2184 1732 2221; x_wconf 78' lang='lat' dir='ltr'>aquam</span> <span class='ocrx_word' id='word_1_368' title='bbox 1766 2176 1830 2214; x_wconf 90' lang='lat' dir='ltr'>be-</span> 
     </span>
     <span class='ocr_line' id='line_1_41' title="bbox 502 2187 1828 2271; baseline 0.003 -10"><span class='ocrx_word' id='word_1_369' title='bbox 502 2223 736 2262; x_wconf 65' lang='lat' dir='ltr'>nediftam</span> <span class='ocrx_word' id='word_1_370' title='bbox 728 2237 765 2263; x_wconf 80' lang='lat' dir='ltr'>in</span> <span class='ocrx_word' id='word_1_371' title='bbox 783 2187 1004 2271; x_wconf 76' lang='lat' dir='ltr'>aspersione</span> <span class='ocrx_word' id='word_1_372' title='bbox 1020 2224 1242 2265; x_wconf 74' lang='lat' dir='ltr'>adhibuisse</span> <span class='ocrx_word' id='word_1_373' title='bbox 1269 2252 1280 2269; x_wconf 88' lang='lat'>‚</span> <span class='ocrx_word' id='word_1_374' title='bbox 1326 2224 1592 2262; x_wconf 86' lang='lat' dir='ltr'>nihilominus</span> <span class='ocrx_word' id='word_1_375' title='bbox 1612 2223 1685 2263; x_wconf 84' lang='lat' dir='ltr'>Lia</span> <span class='ocrx_word' id='word_1_376' title='bbox 1712 2227 1828 2265; x_wconf 61' lang='lat' dir='ltr'>filia..)</span> 
     </span>
     <span class='ocr_line' id='line_1_42' title="bbox 505 2276 1831 2329; baseline 0.002 -14"><span class='ocrx_word' id='word_1_377' title='bbox 505 2284 603 2315; x_wconf 83' lang='lat' dir='ltr'>natu</span> <span class='ocrx_word' id='word_1_378' title='bbox 621 2276 750 2323; x_wconf 77' lang='lat' dir='ltr'>major</span> <span class='ocrx_word' id='word_1_379' title='bbox 764 2277 937 2316; x_wconf 78' lang='lat' dir='ltr'>Davidis</span> <span class='ocrx_word' id='word_1_380' title='bbox 960 2280 1009 2314; x_wconf 84' lang='lat' dir='ltr'>ad</span> <span class='ocrx_word' id='word_1_381' title='bbox 1021 2292 1059 2326; x_wconf 87' lang='lat'>4.</span> <span class='ocrx_word' id='word_1_382' title='bbox 1078 2279 1182 2329; x_wconf 81' lang='lat' dir='ltr'>dixit</span> <span class='ocrx_word' id='word_1_383' title='bbox 1200 2304 1212 2323; x_wconf 98' lang='lat'>,</span> <span class='ocrx_word' id='word_1_384' title='bbox 1224 2279 1260 2326; x_wconf 84' lang='lat' dir='ltr'>se</span> <span class='ocrx_word' id='word_1_385' title='bbox 1277 2281 1433 2316; x_wconf 82' lang='lat' dir='ltr'>vrceum</span> <span class='ocrx_word' id='word_1_386' title='bbox 1447 2289 1528 2312; x_wconf 83' lang='lat' dir='ltr'>mox</span> <span class='ocrx_word' id='word_1_387' title='bbox 1541 2287 1649 2314; x_wconf 85' lang='lat' dir='ltr'>antea</span> <span class='ocrx_word' id='word_1_388' title='bbox 1667 2280 1716 2314; x_wconf 82' lang='lat' dir='ltr'>ad</span> <span class='ocrx_word' id='word_1_389' title='bbox 1733 2280 1831 2317; x_wconf 71' lang='lat' dir='ltr'>Fon-</span> 
     </span>
     <span class='ocr_line' id='line_1_43' title="bbox 505 2327 1827 2387; baseline 0.003 -21"><span class='ocrx_word' id='word_1_390' title='bbox 505 2338 578 2366; x_wconf 83' lang='lat' dir='ltr'>tem</span> <span class='ocrx_word' id='word_1_391' title='bbox 589 2327 793 2381; x_wconf 74' lang='lat' dir='ltr'>implevtffe</span> <span class='ocrx_word' id='word_1_392' title='bbox 807 2355 824 2387; x_wconf 73' lang='lat'>,⁹</span> <span class='ocrx_word' id='word_1_393' title='bbox 841 2342 884 2375; x_wconf 68' lang='lat' dir='ltr'>o·</span> <span class='ocrx_word' id='word_1_394' title='bbox 898 2331 1082 2380; x_wconf 61' lang='lat' dir='ltr'>attulgſje.</span> <span class='ocrx_word' id='word_1_395' title='bbox 1114 2331 1310 2380; x_wconf 87' lang='lat' dir='ltr'>Idemque</span> <span class='ocrx_word' id='word_1_396' title='bbox 1328 2330 1457 2369; x_wconf 84' lang='lat' dir='ltr'>etiam</span> <span class='ocrx_word' id='word_1_397' title='bbox 1494 2327 1581 2366; x_wconf 75' lang='lat' dir='ltr'>affir</span> <span class='ocrx_word' id='word_1_398' title='bbox 1587 2331 1715 2369; x_wconf 80' lang='lat' dir='ltr'>mavit</span> <span class='ocrx_word' id='word_1_399' title='bbox 1745 2331 1827 2369; x_wconf 82' lang='lat' dir='ltr'>Da-</span> 
     </span>
     <span class='ocr_line' id='line_1_44' title="bbox 501 2378 1827 2430; baseline 0.004 -12"><span class='ocrx_word' id='word_1_400' title='bbox 501 2379 574 2418; x_wconf 83' lang='lat' dir='ltr'>vld</span> <span class='ocrx_word' id='word_1_401' title='bbox 605 2378 777 2420; x_wconf 84' lang='lat' dir='ltr'>Marcus</span> <span class='ocrx_word' id='word_1_402' title='bbox 805 2382 843 2420; x_wconf 88' lang='lat' dir='ltr'>in</span> <span class='ocrx_word' id='word_1_403' title='bbox 857 2380 1111 2430; x_wconf 82' lang='lat' dir='ltr'>responsione</span> <span class='ocrx_word' id='word_1_404' title='bbox 1139 2386 1187 2421; x_wconf 86' lang='lat' dir='ltr'>ad</span> <span class='ocrx_word' id='word_1_405' title='bbox 1207 2398 1264 2422; x_wconf 83' lang='lat'>10.</span> <span class='ocrx_word' id='word_1_406' title='bbox 1279 2382 1501 2422; x_wconf 71' lang='lat' dir='ltr'>articulum</span> <span class='ocrx_word' id='word_1_407' title='bbox 1515 2393 1659 2429; x_wconf 72' lang='lat' dir='ltr'>prioris</span> <span class='ocrx_word' id='word_1_408' title='bbox 1679 2384 1827 2422; x_wconf 85' lang='lat' dir='ltr'>exami-</span> 
     </span>
     <span class='ocr_line' id='line_1_45' title="bbox 499 2431 1825 2485; baseline 0.002 -14"><span class='ocrx_word' id='word_1_409' title='bbox 499 2432 576 2471; x_wconf 88' lang='lat' dir='ltr'>nis.</span> <span class='ocrx_word' id='word_1_410' title='bbox 592 2431 645 2470; x_wconf 82' lang='lat' dir='ltr'>Ex</span> <span class='ocrx_word' id='word_1_411' title='bbox 662 2431 722 2470; x_wconf 86' lang='lat' dir='ltr'>his</span> <span class='ocrx_word' id='word_1_412' title='bbox 737 2434 823 2472; x_wconf 85' lang='lat' dir='ltr'>erui</span> <span class='ocrx_word' id='word_1_413' title='bbox 841 2436 1037 2485; x_wconf 84' lang='lat' dir='ltr'>potest,qu</span> <span class='ocrx_word' id='word_1_414' title='bbox 1047 2446 1139 2475; x_wconf 82' lang='lat' dir='ltr'>anta</span> <span class='ocrx_word' id='word_1_415' title='bbox 1155 2435 1254 2475; x_wconf 85' lang='lat' dir='ltr'>fides</span> <span class='ocrx_word' id='word_1_416' title='bbox 1268 2432 1492 2474; x_wconf 80' lang='lat' dir='ltr'>adhibenda</span> <span class='ocrx_word' id='word_1_417' title='bbox 1510 2434 1554 2471; x_wconf 85' lang='lat' dir='ltr'>lit</span> <span class='ocrx_word' id='word_1_418' title='bbox 1574 2433 1744 2473; x_wconf 86' lang='lat' dir='ltr'>Mulieri</span> <span class='ocrx_word' id='word_1_419' title='bbox 1763 2437 1825 2474; x_wconf 90' lang='lat' dir='ltr'>ba-</span> 
     </span>
     <span class='ocr_line' id='line_1_46' title="bbox 502 2481 1821 2538; baseline 0.003 -17"><span class='ocrx_word' id='word_1_420' title='bbox 502 2481 698 2532; x_wconf 79' lang='lat' dir='ltr'>ptizanti,</span> <span class='ocrx_word' id='word_1_421' title='bbox 718 2487 939 2534; x_wconf 81' lang='lat' dir='ltr'>praesertim</span> <span class='ocrx_word' id='word_1_422' title='bbox 955 2500 1049 2527; x_wconf 87' lang='lat' dir='ltr'>cum</span> <span class='ocrx_word' id='word_1_423' title='bbox 1063 2488 1166 2528; x_wconf 84' lang='lat' dir='ltr'>nihil</span> <span class='ocrx_word' id='word_1_424' title='bbox 1185 2501 1230 2538; x_wconf 80' lang='lat' dir='ltr'>ea</span> <span class='ocrx_word' id='word_1_425' title='bbox 1247 2488 1297 2538; x_wconf 88' lang='lat' dir='ltr'>de</span> <span class='ocrx_word' id='word_1_426' title='bbox 1320 2501 1361 2526; x_wconf 91' lang='lat' dir='ltr'>re</span> <span class='ocrx_word' id='word_1_427' title='bbox 1381 2487 1418 2525; x_wconf 89' lang='lat' dir='ltr'>in</span> <span class='ocrx_word' id='word_1_428' title='bbox 1436 2484 1622 2531; x_wconf 84' lang='lat' dir='ltr'>judiciali</span> <span class='ocrx_word' id='word_1_429' title='bbox 1636 2488 1821 2526; x_wconf 81' lang='lat' dir='ltr'>examine</span> 
     </span>
     <span class='ocr_line' id='line_1_47' title="bbox 502 2536 849 2585; baseline 0.013 -11"><span class='ocrx_word' id='word_1_430' title='bbox 502 2537 676 2585; x_wconf 85' lang='lat' dir='ltr'>loquuta</span> <span class='ocrx_word' id='word_1_431' title='bbox 693 2536 849 2579; x_wconf 85' lang='lat' dir='ltr'>fuerit</span> 
     </span>
    </p>

    <p class='ocr_par' dir='ltr' id='par_1_5' title="bbox 453 2585 1824 2642">
     <span class='ocr_line' id='line_1_48' title="bbox 453 2585 1824 2642; baseline -0.002 -10"><span class='ocrx_word' id='word_1_432' title='bbox 453 2585 773 2637; x_wconf 64' lang='lat' dir='ltr'>‚Expendendum</span> <span class='ocrx_word' id='word_1_433' title='bbox 791 2604 950 2642; x_wconf 88' lang='lat' dir='ltr'>quoque</span> <span class='ocrx_word' id='word_1_434' title='bbox 967 2619 980 2638; x_wconf 89' lang='lat'>,</span> <span class='ocrx_word' id='word_1_435' title='bbox 994 2593 1164 2632; x_wconf 77' lang='lat' dir='ltr'>Adultis</span> <span class='ocrx_word' id='word_1_436' title='bbox 1184 2592 1304 2632; x_wconf 80' lang='lat' dir='ltr'>inesse</span> <span class='ocrx_word' id='word_1_437' title='bbox 1319 2599 1511 2640; x_wconf 85' lang='lat' dir='ltr'>oportere</span> <span class='ocrx_word' id='word_1_438' title='bbox 1533 2589 1824 2636; x_wconf 87' lang='lat' dir='ltr'>intentionem,</span> 
     </span>
    </p>
   </div>
   <div class='ocr_carea' id='block_1_2' title="bbox 502 2639 1824 2734">
    <p class='ocr_par' dir='ltr' id='par_1_6' title="bbox 502 2639 1824 2734">
     <span class='ocr_line' id='line_1_49' title="bbox 502 2639 1824 2697; baseline -0.005 -11"><span class='ocrx_word' id='word_1_439' title='bbox 502 2639 571 2691; x_wconf 71' lang='lat' dir='ltr'>,seu</span> <span class='ocrx_word' id='word_1_440' title='bbox 594 2643 842 2689; x_wconf 69' lang='lat' dir='ltr'>propositum</span> <span class='ocrx_word' id='word_1_441' title='bbox 870 2645 1113 2697; x_wconf 86' lang='lat' dir='ltr'>suscipiendi</span> <span class='ocrx_word' id='word_1_442' title='bbox 1133 2645 1390 2696; x_wconf 74' lang='lat' dir='ltr'>Baptismum</span> <span class='ocrx_word' id='word_1_443' title='bbox 1422 2671 1432 2681; x_wconf 90' lang='lat'>.</span> <span class='ocrx_word' id='word_1_444' title='bbox 1465 2641 1566 2689; x_wconf 67' lang='lat' dir='ltr'>Qm:</span> <span class='ocrx_word' id='word_1_445' title='bbox 1592 2653 1731 2683; x_wconf 80' lang='lat' dir='ltr'>autem</span> <span class='ocrx_word' id='word_1_446' title='bbox 1763 2644 1824 2681; x_wconf 87' lang='lat' dir='ltr'>in-</span> 
     </span>
     <span class='ocr_line' id='line_1_50' title="bbox 1738 2705 1824 2734; baseline -0.029 0"><span class='ocrx_word' id='word_1_447' title='bbox 1738 2705 1824 2734; x_wconf 80' lang='lat' dir='ltr'>ten</span> 
     </span>
    </p>
   </div>
  </div>
 </body>
</html>
