1914 2935
510 100 585 135 266
955 106 1018 140 24.
1040 92 1265 129 Novembris
1300 103 1427 135 17†·0.2

502 145 728 193 prudenter
757 144 981 184 metuendo
1013 146 1097 190 Leg.
1115 152 1248 180 metum
1266 142 1301 187 ff:
1318 145 1396 180 eod.
1412 167 1424 185 ‚
1458 149 1532 188 cap.
1553 141 1707 179 dileflm
1727 146 1764 182 6.
1782 145 1829 181 de

502 202 555 238 bis
576 223 588 243 ‚
619 212 696 249 qua:
709 200 749 236 vi
768 224 779 242 ‚
799 196 980 245 metasque
995 197 1088 242 caufi
1109 207 1117 232 :
1150 196 1270 233 Alter
1288 207 1385 233 vero
1402 195 1534 243 gravis
1553 220 1564 239 ‚
1595 194 1632 232 ἃ
1651 193 1793 234 instans
1811 220 1825 239 ‚

508 264 628 303 quem
645 251 716 289 Vir
745 251 943 293 constans,
965 250 1001 287 δε
1019 247 1138 286 sortis
1157 270 1169 290 ‚
1189 247 1412 295 prudenter
1433 272 1445 291 ,
1463 246 1828 286 &rationabiliter

503 303 688 349 concipit
714 301 764 341 de
781 301 892 351 gravi
913 301 1021 339 malo
1054 300 1119 337 fibi
1138 324 1150 340 ‚
1178 309 1249 337 aut
1274 299 1608 347 consanguineis,
1641 299 1704 336 vel
1743 299 1829 338 affi-

502 356 616 395 nibus
638 353 851 393 inferendo
886 356 972 402 Leg.
992 364 1105 392 metus
1123 352 1294 402 autemffl
1316 365 1362 389 ex
1380 354 1479 401 quid.
1497 352 1592 400 caus.
1611 349 1697 402 maj.
1717 375 1729 394 ‚
1747 362 1825 402 cap,

514 407 776 455 Consultationi
792 409 836 444 de
849 406 1022 455 Regular.
1616 410 1618 413 '

455 459 642 502 Arbitrio
671 468 812 498 autem
838 458 990 507 Judicis
1023 457 1273 508 relinquitur
1299 468 1347 496 an
1377 483 1390 503 ‚
1435 458 1474 499 St
1501 458 1661 508 quando
1691 463 1828 495 metus

507 512 573 552 vel
592 512 724 562 gravis
742 536 752 556 ,
782 512 848 550 vel
864 511 967 551 levis
984 511 1146 548 dicatur
1173 535 1185 554 ‚
1214 508 1377 558 Fagnan.
1403 513 1441 547 in
1455 519 1532 559 cap.
1564 510 1828 558 Consultationi

505 578 601 603 num.
624 578 682 602 η.
700 566 745 601 de
759 563 888 612 Regul.
903 588 915 608 ‚
946 562 1185 611 faciliusque
1204 573 1338 601 metus
1357 562 1489 611 gravis
1523 562 1561 599 in
1581 560 1749 601 foemina
1778 565 1830 600 ob

508 618 620 656 sexus
654 615 1017 658 imbecillitatem,
1047 615 1158 653 secus
1177 626 1220 652 ac
1251 615 1288 652 in
1311 615 1490 653 masculo
1524 617 1712 654 censetur
1741 616 1830 663 Cap.

508 672 641 709 Locum
659 683 706 718 ¹4
726 671 771 706 de
785 668 948 718 Sponsal.
966 694 978 712 ,
1009 671 1052 711 «ἔγ
1066 669 1149 704 Rot.
1164 676 1260 715 part.
1280 680 1314 713 7.
1335 667 1423 705 Rec.
1444 667 1553 714 decis.
1566 681 1578 704 1
1594 680 1779 710 15.num.1
1791 682 1828 705 2.

507 721 798 760 Communiter
817 730 955 760 tamen
981 721 1029 757 ad
1046 731 1210 768 gravem
1228 729 1384 758 metum
1413 728 1586 770 quatuor
1615 721 1832 770 requirun-

509 783 576 812 tur
594 798 606 818 ,
638 772 793 822 Lquod
822 774 975 811 malum
996 771 1227 820 timendum
1253 772 1298 809 fit
1314 784 1437 820 grave
1462 773 1499 810 in
1517 771 1585 817 se,
1615 772 1653 811 ὃς
1682 784 1758 810 non
1788 771 1830 810 in

507 826 590 865 sola
624 824 890 863 aestimatione
921 823 1146 864 metuentis
1164 852 1173 862 .
1203 822 1254 862 Il.
1285 824 1392 877 quod
1421 823 1592 872 prudens
1623 824 1671 862 fit
1697 848 1710 868 ,
1750 836 1829 862 non

508 877 613 916 levis
643 903 660 927 ‚¹
696 877 764 916 vel
794 876 1084 916 irrationabilis
1115 875 1290 914 timendi
1320 876 1427 915 ratio
1442 905 1451 915 .
1493 876 1641 915 111..ut
1668 885 1829 916 metum

508 930 716 969 incutiens
747 937 893 978 potens
923 930 971 968 fit
1003 928 1132 967 minas
1161 928 1335 977 exequi.
1364 928 1562 979 IV.qu0d
1584 928 1642 973 iS‚
1676 928 1744 979 qui
1773 928 1831 966 ti-

491 991 599 1037 lmet
639 993 717 1020 non
743 980 861 1030 poffit
888 983 975 1020 ullo
1005 980 1127 1019 modo
1165 980 1341 1020 minanti
1373 982 1578 1027 resistere,
1606 989 1677 1019 aut
1697 980 1829 1018 vitare

503 1035 691 1078 malum,
720 1034 828 1083 quod
844 1034 993 1072 timet:
1018 1034 1219 1071 alterutra
1249 1042 1392 1071 autem
1421 1046 1467 1072 ex
1485 1034 1592 1071 hisce
1621 1032 1831 1071 conditio-

506 1086 620 1124 nibus
649 1085 896 1131 deficiente‚
922 1084 1346 1124 metusdiciturlevis
1378 1097 1455 1124 non
1486 1086 1633 1124 cadens
1666 1085 1704 1121 in
1733 1097 1833 1123 con-

510 1139 686 1176 stantem
705 1137 851 1177 Virum
865 1162 878 1182 ‚
907 1151 1046 1186 argum.
1063 1145 1140 1185 cap.
1158 1136 1307 1174 dilec‘ius
1327 1141 1367 1176 6.
1384 1140 1429 1175 de
1444 1140 1498 1176 his
1512 1164 1524 1184 ‚
1541 1152 1617 1188 (με
1631 1139 1672 1175 vi
1691 1137 1829 1186 metus-

508 1204 574 1240 que
592 1190 688 1238 caus:

452 1242 567 1282 Hinc
594 1253 688 1279 cum
713 1241 762 1280 ad
778 1241 1042 1280 validitatem
1068 1238 1321 1288 profeffionis
1348 1240 1580 1292 requiratur
1599 1242 1727 1280 libera
1749 1267 1762 1286 ‚
1794 1242 1830 1281 Sc

507 1295 726 1340 spontanea
743 1293 937 1333 voluntas
964 1302 1039 1342 cap.
1062 1306 1094 1331 1.
1109 1293 1155 1330 de
1168 1292 1298 1341 Regul.
1329 1309 1357 1330 =
1385 1295 1505 1332 nullus
1523 1296 1718 1332 tondeatur
1731 1319 1743 1338 ‚
1764 1295 1830 1341 nisi

512 1347 736 1394 inlegitima
768 1355 902 1391 aetate,
932 1347 1192 1395 &spontanea
1221 1345 1410 1385 voluntate
1439 1374 1451 1391 ‚
1481 1347 1668 1398 nihilque
1699 1347 1829 1395 magis

503 1399 640 1438 libera:
656 1399 862 1437 voluntati
891 1398 1128 1437 adversetur
1143 1423 1156 1443 ,
1184 1411 1302 1449 quam
1319 1410 1454 1438 metus
1469 1400 1604 1449 gravis
1617 1423 1630 1442 ‚
1662 1399 1730 1449 qui
1746 1398 1831 1438 effi-

505 1451 565 1489 cit
582 1475 594 1494 ‚
632 1460 677 1489 ut
708 1449 898 1500 professus
923 1460 987 1500 per
1001 1454 1165 1488 timorem
1191 1453 1294 1489 dicat
1307 1453 1378 1500 sthi
1389 1451 1535 1501 placere
1553 1476 1565 1495 ‚
1599 1453 1691 1501 quod
1722 1453 1800 1488 odit
1815 1476 1830 1494 ‚

504 1513 581 1552 cap.
599 1507 745 1542 veniens
765 1505 877 1548 15.de
891 1503 1068 1553 Sponsal.‚
1085 1504 1235 1551 ambigi
1254 1505 1347 1544 ideo
1363 1505 1522 1556 nequit,
1540 1503 1828 1552 professionem

506 1568 555 1595 ex
571 1565 685 1595 metu
703 1556 816 1604 gravi
843 1556 1022 1596 emiliam
1037 1579 1050 1598 ‚
1081 1556 1242 1605 penitus
1259 1558 1415 1595 nullam
1435 1583 1448 1602 ,
1482 1557 1695 1597 &irritam
1719 1554 1796 1593 esse
1814 1579 1830 1600 ,

509 1618 586 1658 cap.
601 1609 647 1645 de
659 1608 742 1646 illis
752 1623 792 1656 9.
811 1610 857 1647 de
867 1609 1022 1659 despovjl
1043 1611 1178 1658 impub.
1199 1634 1211 1654 ‚
1242 1612 1284 1653 ἐπ’
1315 1609 1448 1649 Concil.
1472 1611 1636 1648 Tridenc.
1655 1608 1741 1659 seff
1763 1620 1826 1651 25.

509 1669 586 1708 cap.
613 1675 670 1708 19.
688 1663 732 1698 db
748 1661 834 1710 Res.

458 1712 570 1752 Tota
602 1713 771 1761 proinde
803 1713 997 1763 inspectio
1027 1715 1077 1754 ad
1100 1713 1381 1763 probationem
1409 1723 1545 1755 metus
1576 1713 1787 1754 reducitur
1816 1741 1828 1752 .

502 1765 598 1804 Hoc
611 1764 808 1814 fiquidem
823 1768 992 1814 probato
1010 1766 1127 1806 Sacra
1155 1767 1437 1817 Congregatio
1473 1767 1772 1807 restitutionem
1789 1765 1835 1803 itt

504 1818 710 1866 integrum
724 1819 880 1865 semper
892 1818 1089 1858 conceffit
1107 1845 1120 1864 ‚
1151 1828 1197 1858 ut
1216 1819 1255 1858 in
1276 1819 1503 1870 vlffliponen.
1522 1820 1772 1868 Restitutionis
1789 1819 1830 1853 in

507 1873 693 1919 integrum
726 1883 786 1913 13.
810 1869 972 1920 Januar.
997 1870 1050 1910 πί
1043 1885 1109 1919 91.
1127 1897 1140 1917 ,
1171 1875 1210 1909 in
1227 1871 1392 1922 Januen.
1408 1874 1662 1921 Restitutionis
1677 1875 1716 1908 in
1731 1873 1830 1907 inte-

500 1936 614 1972 grum
629 1934 694 1965 3ο.
715 1922 878 1972 Januar.
899 1929 947 1962 16
946 1937 1015 1972 94.
1032 1949 1046 1968 ‚
1074 1928 1114 1962 in
1130 1927 1311 1964 Veronen.
1329 1927 1547 1974 Profeffiom's
1583 1936 1643 1967 25.
1663 1923 1824 1972 Januar.

510 1979 560 2012 16
559 1980 626 2022 98.
646 1999 659 2018 ,
672 1978 711 2012 in
724 1977 930 2015 Corduben.
947 1976 1200 2025 Restitutionis
1216 1982 1254 2014 in
1268 1981 1448 2027 integrum
1467 1978 1672 2020 22.Martii
1694 1979 1830 2020 1698„

503 2030 551 2071 ὠ
570 2032 608 2065 in
624 2029 830 2067 Cremonen.
846 2027 1101 2078 Restitutionis
1114 2033 1153 2067 in
1170 2034 1354 2078 integrum
1376 2045 1389 2068 1
1400 2036 1435 2068 8.
1449 2029 1657 2067 Novembr.
1680 2041 1694 2065 1
1705 2040 1723 2072 7
1735 2040 1748 2065 1
1759 2039 1792 2068 3-
1811 2049 1828 2068 s

503 2092 636 2129 eoque
666 2080 964 2134 concludenter
993 2093 1073 2120 non
1091 2083 1260 2128 probato
1279 2107 1292 2126 ,
1321 2083 1548 2120 constanter
1575 2079 1828 2129 denegavit,

502 2141 553 2170 ut
570 2132 611 2169 in
626 2130 790 2179 Januen.
807 2133 1061 2180 Restitutiom’s
1076 2137 1115 2170 in
1130 2137 1310 2180 integrum
1326 2147 1343 2170 2
1348 2134 1497 2179 offali}
1519 2137 1565 2170 16
1565 2147 1617 2180 90
1635 2157 1648 2176 ‚
1666 2136 1704 2170 in
1721 2134 1825 2169 Gra-

503 2180 628 2222 natm.
648 2183 901 2232 Restitutionis
913 2187 953 2220 in
966 2185 1150 2231 integrum
1171 2198 1231 2230 19.
1248 2185 1412 2234 Augusti
1434 2190 1565 2232 1690„
1582 2187 1621 2222 in
1633 2183 1830 2232 Argenti-

502 2250 552 2275 πα
568 2235 816 2284 Restitutionis
832 2239 870 2272 in
880 2238 1064 2283 integrum
1084 2249 1098 2273 1
1109 2248 1143 2279 3.
1161 2235 1358 2275 Februarii
1382 2242 1430 2275 16
1429 2251 1494 2287 94.
1511 2263 1523 2282 ,
1542 2240 1584 2281 Φ·
1597 2240 1635 2274 in
1653 2236 1817 2286 ‘Jamoen-

503 2289 755 2338 Restitutiom‘s
768 2291 806 2324 in
825 2291 1004 2335 integrum
1018 2300 1054 2337 4.
1063 2287 1166 2338 Julii
1188 2302 1201 2325 1
1211 2302 1230 2335 7
1240 2302 1302 2336 39.

449 2344 514 2385 De
532 2349 653 2380 aetate
679 2339 730 2378 ad
746 2339 1022 2378 emittendam
1051 2339 1337 2389 profeffionem
1368 2341 1510 2381 statuit
1539 2340 1822 2381 Tridentium.)

503 2393 698 2443 Synodus
719 2406 746 2428 =
774 2393 816 2429 In
830 2405 1038 2443 quacunque
1050 2393 1239 2441 Religione
1252 2406 1328 2432 tara
1345 2397 1523 2433 Virorum
1542 2414 1553 2439 5
1584 2408 1691 2446 quam
1725 2393 1818 2430 Mu·-

499 2449 635 2486 Iierum
649 2471 661 2490 ,
675 2444 833 2495 proseffio
846 2445 995 2492 nonfiat
1009 2457 1093 2484 ante
1108 2448 1442 2496 decimumfixtum
1455 2460 1588 2494 annum
1604 2448 1785 2497 expletum
1809 2471 1826 2490 ,

503 2513 570 2538 nec
583 2503 644 2548 qui
659 2500 793 2536 minore
806 2508 959 2546 tempore
975 2525 986 2544 ,
1005 2513 1110 2549 quam
1123 2508 1190 2550 per
1205 2513 1338 2538 annum
1352 2500 1639 2550 postfusceptrlln
1655 2502 1678 2538 h
1690 2501 1823 2536 ebitum

501 2553 754 2600 inprobatione
767 2552 904 2592 steterit
918 2577 930 2596 ‚
961 2552 1010 2588 ad
1022 2555 1256 2601 prostfffflonem
1272 2555 1493 2591 admittatur
1507 2583 1518 2592 .
1556 2555 1721 2602 Profeffio
1751 2562 1819 2587 au-

500 2614 575 2641 tem
587 2614 694 2641 antea
696 2604 796 2650 saffo
802 2606 852 2653 sit
865 2604 996 2648 nrella’,
1009 2605 1215 2656 nullamque
1229 2608 1383 2644 inducat
1401 2606 1654 2655 obligationem
1687 2605 1735 2643 ad
1750 2601 1824 2638 ali-

503 2654 607 2712 cujus
634 2657 786 2706 Regula
814 2683 828 2707 ‚
857 2658 919 2699 vel
944 2658 1147 2710 Religionis
1175 2685 1191 2708 ‚
1224 2659 1286 2703 vel
1318 2660 1477 2704 Ordinis
1508 2660 1791 2710 observationem
1810 2679 1824 2698 ¹

1767 2716 1832 2746 auo
