1914 2935
524 101 578 140 66
999 110 1060 145 29.
1079 95 1183 147 June
1215 109 1229 136 ι
1238 100 1328 146 796.

521 150 639 209 tuiffe
669 149 878 190 discedere
892 172 907 194 ‚
935 147 984 188 ad
1000 148 1211 198 Oppidum
1222 147 1410 197 Kradrstu
1424 161 1516 203 eum
1534 148 1702 192 Comite
1717 149 1767 189 Gi
1774 162 1840 190 m«

519 203 664 244 ninise
678 202 931 251 transferre,
958 201 1101 254 ibique
1126 212 1376 248 majoriano!
1396 194 1511 251 parte
1548 203 1792 241 commorari
1822 232 1831 240 .

522 257 570 296 ln
612 256 659 297 ea
700 264 839 297 autem
866 266 980 293 mora
1022 254 1102 303 post
1136 255 1334 308 quintum
1363 258 1541 296 mensem
1578 254 1834 299 matrimonii

520 307 756 352 consensum
781 303 1015 346 renovasse.
1046 303 1235 356 Dubitari
1260 305 1428 368 proinde
1456 320 1532 347 non
1550 306 1655 359 poffe
1687 307 1736 346 de
1766 310 1836 345 bu-

520 362 651 412 jusce
647 359 760 399 aetus
777 357 997 399 validitate
1012 384 1025 403 ‚
1039 371 1134 398 cum
1147 354 1203 399 ad
1210 357 1521 413 matrimonium
1540 356 1703 399 valide
1695 371 1834 397 ineun

522 410 622 455 dum
644 406 750 452 satis
778 413 826 450 fit
852 436 866 457 ‚
911 419 957 451 nt
981 411 1188 462 Conjuges
1216 410 1332 453 unius
1367 415 1512 453 saltem
1535 404 1675 459 menfis
1703 411 1840 458 ipatio

522 463 828 506 habitaverint
820 476 859 502 in
877 463 970 503 loco
988 488 1001 509 ‚
1018 464 1083 502 ubi
1102 463 1183 502 fuit
1197 460 1468 509 celebratum,
1485 467 1653 517 Fagnan.
1659 468 1697 501 in
1710 465 1834 512 cepst—

515 515 698 568 gniflcasts'
714 518 759 554 de
776 517 1123 564 parochiisssened.
1129 515 1255 557 XIV
1241 531 1280 555 m
1297 521 1440 569 Constit.
1443 519 1578 574 Paucis
1594 519 1638 554 ab
1653 518 1738 554 hinc
1752 517 1829 552 diei

527 584 588 618 19.
593 572 732 607 Martii
754 567 866 615 1758.

467 622 533 664 Ad
549 619 847 662 excludendum
864 622 961 660 verb
976 621 1158 660 animum
1190 622 1456 675 permanendi
1485 621 1585 661 nihil
1602 619 1732 660 obesse
1747 620 1831 658 sub-

519 674 582 714 dit
597 700 610 720 ‚
625 676 692 713 vel
710 674 815 723 quod
831 673 981 727 Comes
998 673 1196 714 Giannini
1213 673 1343 716 Castra
1359 670 1473 728 sequi
1488 683 1585 714 tunc
1602 683 1834 724 teneretur,

519 736 684 776 propter
702 725 856 764 bellum
873 722 966 764 cum
983 719 1157 776 Boruffis
1172 728 1314 776 vigens
1329 743 1344 770 ‚-
1374 729 1438 767 vel
1459 721 1566 777 quod
1584 719 1750 775 domum
1769 719 1835 763 be-

517 791 569 818 ne
586 769 814 818 mstrnftam
831 771 1023 827 Kradistij
1055 780 1133 817 nori
1150 781 1347 829 haberet,
1379 779 1445 820 sed
1463 778 1637 819 viatoria
1651 785 1831 826 tantum,

518 833 689 888 &curta
707 822 961 878 supellectili
992 829 1167 885 militari
1191 831 1306 875 more
1331 830 1602 883 permanserit
1632 858 1644 869 .
1678 829 1832 869 Obser-

515 892 587 922 vat
616 882 726 937 enim
767 882 820 939 ad
844 882 1022 934 primum
1053 906 1067 926 ‚
1097 879 1306 933 Comitem
1337 880 1531 924 Giannini
1564 894 1640 921 non
1675 876 1833 928 semper

518 937 558 974 in
571 931 771 974 exercitu
779 959 792 979 ‚
819 946 864 973 ac
881 935 989 974 inter
1011 929 1213 976 militaret
1230 938 1368 990 copias
1389 928 1596 984 versatum
1614 931 1745 976 fuisse,
1762 929 1830 972 sed

515 984 657 1038 aliquo
671 986 860 1034 tempore
888 999 909 1025 a
923 986 1071 1028 Castris
1090 986 1285 1036 abfuisse,
1304 999 1350 1029 nt
1362 985 1510 1043 passim
1521 983 1624 1025 solet
1647 983 1828 1025 evenire.

513 1039 582 1079 Ad
595 1038 793 1097 alterum
805 1040 904 1078 vero
925 1039 1140 1087 respondet
1155 1064 1168 1084 ‚
1189 1039 1354 1094 unicum
1379 1051 1542 1086 tantum
1556 1037 1719 1089 Testem
1747 1032 1827 1076 de)

515 1089 660 1141 exigua
677 1087 858 1150 ejusdem
877 1089 1054 1129 Comitis
1081 1090 1345 1140 ΓιιρεῙΙεόὶίΙί
1355 1095 1558 1149 deponere
1575 1116 1588 1135 ,
1619 1099 1743 1143 atque
1775 1089 1834 1128 id-

514 1145 629 1183 circo
653 1142 768 1189 rejici
784 1143 1002 1190 opOrtere·
1034 1140 1281 1200 insuperque
1300 1146 1417 1185 addit
1433 1157 1584 1197 novum
1601 1140 1677 1190 effe
1693 1167 1706 1186 ⁹
1721 1141 1830 1190 quod

513 1194 563 1234 ad
576 1192 876 1252 acquirendum
889 1195 1148 1253 domicilium
1165 1200 1299 1248 ampla
1317 1200 1514 1249 supellex,
1532 1187 1578 1237 &
1585 1207 1730 1261 magna
1747 1192 1835 1248 DQ?

518 1259 607 1286 mus
625 1247 878 1305 requiratur.

462 1298 650 1342 Tandem
667 1298 812 1353 obiici
826 1296 903 1339 non
936 1300 1070 1349 poffe,
1095 1302 1225 1346 dicit,
1259 1305 1387 1344 Breve
1407 1304 1486 1342 san.
1502 1312 1623 1341 mem.
1655 1297 1831 1338 Benedi-

512 1346 567 1391 6ἱί
588 1351 703 1401 XIV.
735 1345 1008 1406 praecipiens,
1034 1356 1139 1404 quod
1171 1357 1450 1397 Matrimoniis
1467 1350 1782 1395 contrahendis
1774 1363 1832 1404 in-

512 1413 578 1444 ter
593 1405 778 1454 personas
794 1430 807 1449 ,
838 1417 1009 1455 quarum
1029 1420 1104 1446 una
1120 1408 1167 1448 fit
1187 1410 1352 1449 Militie
1371 1408 1568 1456 adscripta
1588 1431 1598 1450 ,
1615 1404 1745 1443 altera
1762 1399 1829 1444 ve·-

511 1458 558 1495 ro
591 1457 798 1515 proprium
831 1458 974 1504 habeat
996 1458 1222 1501 Parochum
1242 1487 1255 1507 ‚
1272 1460 1476 1517 interesse
1504 1459 1651 1498 debeat
1669 1478 1682 1499 ‚
1712 1464 1831 1494 turn.»

511 1508 699 1557 proprius
728 1510 846 1548 unius
874 1502 1105 1558 Parochns
1129 1512 1217 1552 tum
1247 1510 1373 1554 etiarn
1405 1511 1607 1566 Militaris
1637 1508 1831 1554 Capella·

509 1571 615 1599 nus,
644 1557 843 1599 Advertit
874 1562 983 1614 enirn
999 1564 1154 1604 dietum
1171 1567 1297 1606 Breve
1330 1564 1544 1621 intelligi,
1580 1574 1625 1600 ac
1642 1570 1831 1611 compre·

509 1610 692 1651 bendere
720 1609 886 1668 tantum
919 1615 1125 1661 personam
1160 1619 1244 1657 mil
1256 1617 1385 1670 tarem
1405 1643 1418 1661 ‚
1443 1629 1529 1671 quae
1561 1616 1601 1652 ob
1607 1610 1829 1650 accidenta-

510 1665 561 1702 des
580 1689 594 1708 ‚
623 1667 666 1707 &⁴
678 1660 918 1714 tempdraneas
927 1667 1008 1714 five
1023 1670 1192 1718 hybernas
1210 1694 1223 1713 ‚
1245 1672 1326 1719 five
1343 1672 1478 1720 aefiivas
1498 1693 1510 1712 ‚
1537 1678 1600 1704 auc
1609 1664 1828 1717 praeſsdialer

501 1714 682 1772 βσιὶοζιες
701 1717 754 1752 ibi
782 1724 844 1768 pro
859 1718 1015 1765 tempo're
1043 1732 1302 1763 comanorum,
1334 1720 1400 1759 sed
1421 1716 1548 1758 talem
1584 1729 1660 1754 non
1680 1715 1826 1755 Ῑυίιῖὶ)

507 1766 721 1807 Comitem
736 1764 932 1814 Giannini
948 1794 961 1813 ‚
989 1769 1056 1817 qui
1076 1784 1208 1822 neque
1225 1772 1404 1811 stationis
1422 1770 1573 1809 causa
1565 1781 1603 1807 in
1622 1769 1713 1806 loco
1728 1770 1829 1805 Kra-

505 1819 610 1865 distij
625 1820 857 1857 morabatur
872 1842 886 1862 ‚
915 1833 1047 1873 neque
1064 1824 1116 1862 ibi
1133 1825 1290 1868 milites
1307 1850 1319 1869 ‚
1340 1835 1564 1880 eorumque
1577 1821 1825 1866 Capelianus

508 1868 704 1911 aderant.
716 1868 887 1910 Verum
902 1869 1085 1913 observat
1104 1872 1295 1920 ulterius,
1313 1875 1470 1914 nullum
1490 1888 1527 1913 in
1541 1874 1687 1912 eodem
1705 1871 1824 1911 Brevi

508 1922 681 1970 reperiri
699 1925 967 1974 verbum‚quo
984 1927 1254 1967 matrimonia
1266 1929 1386 1967 aliter
1402 1937 1555 1966 contra
1551 1929 1609 1965 fia
1631 1925 1744 1963 irrita
1758 1925 1829 1964 de·

506 1976 737 2019 darentur,
748 1984 869 2024 atque
884 1976 978 2015 hinc
996 1978 1422 2039 inferri‚matrimonia
1446 1977 1675 2025 hujusmodi
1692 1977 1826 2015 illici-

506 2036 548 2066 ta
569 2027 734 2085 quidem
751 2026 829 2077 effe
846 2053 859 2072 ‚
874 2040 952 2066 non
968 2038 1106 2079 tamen
1124 2033 1265 2072 irrita.

454 2080 608 2134 Raptus
625 2104 637 2124 ‚
654 2079 721 2128 qui
741 2077 1051 2121 matrimonium
1066 2081 1226 2124 dirimit
1242 2110 1255 2128 ‚
1290 2083 1447 2135 definiri
1474 2084 1602 2122 solet:
1641 2083 1713 2118 Vi
1717 2080 1819 2119 lenta

497 2132 654 2180 faeminae
669 2133 831 2169 abdufiio
844 2134 888 2170 de
902 2133 973 2171 loco
991 2137 1040 2171 ad
1051 2133 1165 2173 lorum
1184 2140 1403 2174 matrimonii
1415 2136 1551 2183 causa.
1569 2135 1661 2173 Haec
1677 2143 1819 2178 autem

503 2183 695 2223 abduc‘tio
709 2181 775 2222 vel
789 2184 911 2223 debet
927 2184 1003 2225 esse
1021 2188 1177 2235 physica
1198 2212 1211 2231 ‚
1240 2187 1335 2226 idest
1352 2213 1364 2230 ‚
1387 2199 1455 2235 per
1472 2185 1700 2224 violentam
1732 2197 1820 2223 ma-

501 2246 627 2274 nuum
648 2236 909 2292 injeftionem
928 2261 942 2282 ,
956 2239 1022 2295 vel
1037 2239 1220 2279 moralis.
1235 2239 1395 2279 scilicet
1413 2249 1482 2293 per
1499 2239 1629 2293 minas
1644 2261 1656 2281 ‚
1672 2238 1711 2278 ὃ(
1728 2249 1819 2286 επεν,

501 2299 601 2327 vem
612 2297 798 2328 metum.

450 2337 575 2380 Varia
593 2338 671 2379 fuit
689 2341 789 2379 olim
818 2340 1007 2381 Ecclesiae
1034 2344 1249 2391 disciplina
1285 2344 1390 2383 circa
1420 2341 1648 2390 hujusmodi
1676 2349 1815 2395 raptus

500 2392 869 2448 impedimentum.
900 2393 955 2431 Ex
973 2395 1233 2445 dispositione
1259 2390 1550 2435 mamiliorum
1573 2391 1786 2433 Canonum
1801 2418 1816 2438 ,

499 2442 870 2493 quisaecu10v11‚
900 2441 1212 2503 &sequentibus
1238 2445 1507 2499 prodierunt,
1537 2460 1613 2486 non
1633 2447 1818 2485 immeri-

498 2496 546 2532 ῑὸ
560 2497 763 2547 colligunt
781 2497 965 2536 nonnulli
985 2523 998 2542 ⁹
1028 2509 1188 2550 raptum
1207 2501 1245 2539 in
1262 2495 1495 2562 quibusdam
1517 2499 1703 2538 Ecclefiis
1721 2496 1816 2549 fuis-

498 2546 536 2584 se
553 2549 656 2587 olim
676 2549 1019 2609 impedimentum
1033 2577 1045 2596 ‚
1078 2553 1185 2601 quod
1205 2552 1406 2601 perpetuo
1424 2551 1646 2601 Raptorem
1675 2551 1781 2588 inter
1799 2573 1813 2592 ‚

498 2599 538 2637 &
557 2598 727 2648 Raptam
745 2602 1053 2644 matrimonium
1068 2604 1321 2650 dirimebat,
1351 2604 1502 2642 adeout
1521 2615 1593 2643 nec
1615 2613 1686 2650 per
1700 2600 1814 2648 spon-

498 2658 667 2711 rancum
682 2653 872 2695 Mulieris
885 2665 1006 2707 raptae
1024 2657 1260 2699 consensum
1276 2655 1494 2698 revalidari
1515 2650 1814 2743 poffehetiami:

1802 2718 1812 2743 1
