1914 2935
472 110 555 151 544
773 107 777 110 '
951 110 1013 144 ις.
1038 107 1258 154 Septembris
1283 119 1397 153 ¹770·

474 155 548 194 dos
570 156 752 206 Angelus
773 156 997 195 5cbastiani
1021 187 1030 196 .
1065 158 1102 196 1>
1120 168 1259 197 autem
1278 159 1378 196 bona
1399 157 1434 195 in
1457 155 1571 195 illius
1588 153 1747 194 Dotem
1761 154 1816 194 as·

470 208 624 257 fignita
653 209 701 247 ad
734 211 880 247 statum
911 209 1015 248 adeo
1061 209 1275 258 peffimum
1308 210 1468 250 redac'ta
1497 208 1745 250 adinvenit,
1777 215 1823 246 ut

466 260 550 298 sola
570 261 691 299 scaz.
713 275 778 305 90.
798 260 990 310 quolibet
1016 274 1128 301 anno
1143 266 1470 307 retrahantur,ex
1484 274 1534 300 eo
1551 258 1821 308 potilsimum,

468 312 579 362 quad
599 325 673 350 una
693 325 738 352 ex
758 313 889 351 vineis
911 338 924 357 ‚
945 315 1061 359 cujus
1092 315 1247 354 reditus
1267 316 1304 354 in
1325 314 1466 354 annuis
1483 312 1608 352 scutis
1626 325 1687 351 20.
1708 323 1828 352 com-

467 363 892 412 putanturssoficelsa
925 365 1054 405 fuerit
1086 379 1108 405 a
1135 367 1345 407 Canonico
1375 363 1642 414 Anteceffore
1663 365 1701 404 in
1735 376 1825 402 em-

465 417 702 456 nhvteusiii
743 418 794 456 ad
834 418 1008 457 tertiam
1033 421 1355 468 generationem
1392 432 1476 468 pro.
1499 429 1655 457 canone
1680 416 1823 454 obulo-

467 479 556 506 rum
577 479 664 509 50.:
692 469 837 509 Altera
872 481 997 513 vcro,
1029 484 1116 522 quie
1134 481 1224 512 tota
1250 474 1443 512 exsiccata
1463 472 1543 514 est,
1576 469 1642 507 vix
1674 467 1821 508 reddat

465 520 611 559 obulos
641 533 708 569 40.
730 521 904 571 Supplex
935 522 1090 563 idcirco
1121 524 1224 564 adiit
1251 525 1413 564 Sacram
1439 521 1818 572 Congregationem

466 583 540 621 pro
557 572 799 615 reductione
832 572 1040 614 Musarum
1054 576 1102 615 ad
1126 579 1411 628 quantitatem
1430 575 1631 616 reditibus
1655 573 1820 622 respon-

462 622 668 681 dentem,
699 638 794 665 cum
824 628 1071 667 eleemosina
1101 630 1375 679 computanda
1406 630 1444 668 in
1473 627 1607 667 obulis
1632 639 1690 672 17.
1721 635 1816 664 cum

463 675 658 723 dimidio,
681 679 845 728 nspecto
859 691 985 721 onere
1008 681 1240 724 residentiae
1274 708 1287 729 ,
1320 682 1388 723 cui
1417 682 1576 722 ratione
1593 677 1820 718 Canonica-

462 736 531 768 tus
562 730 826 780 obstrngitur
847 761 858 772 .

412 781 610 822 vicarius
640 783 863 823 Generalis
879 808 893 829 ,
922 785 989 824 cui
1023 787 1302 832 expositorum
1326 785 1475 836 indago
1495 779 1708 825 commissa
1728 778 1816 821 fue-

458 841 523 872 rat
540 858 554 878 ,
587 835 811 875 transmisit
837 838 1056 885 epistolam
1077 838 1237 879 Vicarii
1271 839 1442 878 Foranei
1475 838 1614 878 Terrae
1636 835 1815 883 Crypta-

458 898 553 943 rum
570 911 582 931 ‚
616 899 663 926 ex
684 900 762 938 qua
778 890 966 929 constitit
990 915 1003 935 ,
1029 903 1052 932 a
1073 891 1197 942 longo
1216 893 1297 937 jam
1321 900 1512 938 tempore
1531 892 1732 929 bonorum
1747 886 1818 926 de·

461 939 787 980 terioratiouern
804 941 1033 985 accidiffe5
1064 955 1239 995 cumque
1261 945 1446 988 invenire
1481 943 1622 982 datum
1655 952 1733 978 non
1766 940 1813 978 sit

459 990 591 1048 culpe
630 991 862 1033 Aut‘torem
894 1020 907 1040 ,
952 997 1113 1035 nullum
1156 997 1315 1036 idcirco
1349 996 1552 1042 judicium
1583 1006 1654 1040 pro
1688 993 1806 1030 dam-

458 1053 500 1080 ni
527 1043 831 1099 emendatione
856 1046 1012 1087 institui
1030 1047 1136 1098 posse
1152 1077 1163 1087 .
1187 1048 1352 1088 Patroni
1372 1050 1469 1088 vero
1488 1072 1500 1090 ,
1519 1047 1682 1097 quinon
1704 1044 1809 1082 adeo

455 1092 605 1134 faciles
624 1094 665 1134 se
697 1099 953 1144 prarbuerant
974 1101 1216 1148 praestationi
1250 1102 1506 1148 expostulata:
1534 1097 1804 1139 rediit‘tionis,

460 1158 556 1204 cum
584 1141 895 1196 cognoverunt}
911 1150 1170 1192 Canonicum
1193 1152 1420 1192 Oratorem
1446 1149 1714 1190 meliorandis
1734 1150 1806 1186 bo-

457 1209 521 1237 nis
538 1211 703 1238 manum
718 1200 946 1249 apposuiffe
966 1229 978 1248 ‚
1010 1205 1047 1245 Sc
1068 1204 1383 1244 meliorationes
1404 1205 1590 1252 prosequi
1613 1210 1804 1250 paratum

459 1248 537 1288 esse
553 1276 565 1295 ,
597 1252 835 1292 consensum
859 1254 1012 1295 dedere
1032 1257 1146 1295 suum
1163 1281 1176 1300 ‚
1212 1269 1257 1296 ea
1278 1266 1417 1297 tamen
1449 1255 1694 1294 conditione
1714 1277 1726 1295 2
1757 1262 1805 1291 ut

456 1301 646 1360 redutc‘tio
674 1303 894 1362 inserviret
929 1309 1198 1348 meliorandis
1234 1311 1348 1348 bonis
1368 1335 1382 1354 ,
1412 1318 1534 1358 atque
1565 1318 1693 1346 onera
1714 1317 1809 1354 pro-

455 1357 792 1403 portionabiliter
819 1358 1128 1407 reviviscerent
1164 1362 1278 1408 juxta
1307 1361 1671 1412 proportionatum
1690 1358 1805 1397 redi·-

456 1415 575 1447 tuum
595 1419 899 1457 augumentum
921 1441 932 1452 .

406 1458 565 1498 Relatis
597 1462 790 1507 praecibus
810 1475 882 1511 per
900 1465 1134 1514 supplicem
1175 1466 1366 1506 libellum
1398 1467 1436 1506 in
1463 1462 1795 1515 congregatione

455 1512 534 1550 diei
562 1517 624 1552 28.
650 1514 759 1571 elapsi
778 1529 899 1554 ments
929 1519 1079 1567 Aprilis
1097 1544 1110 1562 ,
1149 1532 1234 1559 rem
1264 1519 1479 1558 maturiori
1513 1518 1704 1559 examine
1732 1513 1800 1554 di-

451 1575 576 1613 gnam
595 1566 878 1608 existimarunt
901 1570 1112 1610 Eminenti
1131 1571 1234 1610 ffimi
1252 1571 1520 1617 Pl‘.,interim
1544 1567 1800 1609 demandan-

453 1624 550 1674 tes,
581 1626 633 1675 ut·
651 1618 703 1658 de
717 1621 926 1671 qualitate
959 1624 1119 1662 servitii
1151 1623 1395 1674 Collegiatae
1414 1621 1795 1667 Ecclefiaepraestan·

454 1668 527 1712 di,
555 1669 606 1709 de
625 1672 942 1713 inservientium
967 1687 1136 1716 numero
1165 1702 1178 1721 ,
1211 1677 1267 1716 de
1285 1677 1534 1726 singulorum
1562 1672 1797 1714 Canonica-

455 1729 576 1779 tuum
607 1722 807 1764 reditibus
825 1728 1059 1768 accuratius
1096 1730 1447 1778 cognosceretur,
1479 1729 1516 1768 δε
1550 1728 1712 1775 insuper
1742 1724 1801 1763 in-

457 1783 759 1833 quireretur,an
775 1776 962 1826 Capituli
983 1791 1058 1820 con
1072 1781 1207 1820 sensus
1228 1782 1476 1821 accederet.
1497 1780 1625 1829 Super
1642 1779 1704 1817 his
1721 1777 1795 1815 ita-

453 1837 534 1882 que
552 1827 721 1866 reddita:
743 1830 835 1869 sunt
852 1831 1004 1870 litterae
1022 1832 1181 1872 Vicarii
1198 1834 1433 1878 Generalis,
1452 1845 1546 1872 cum
1561 1831 1654 1871 aliis
1672 1829 1798 1870 Vica-

453 1876 696 1919 riiForanei
733 1880 871 1921 Terrae
906 1883 1190 1933 Cryptarum,
1223 1886 1290 1937 qui
1321 1887 1514 1931 testatur,
1546 1883 1794 1932 Capitulum

455 1931 635 1987 constare
667 1944 714 1971 ex
734 1933 1118 1987 Archipresbytero
1134 1963 1147 1983 ,
1178 1939 1308 1977 tribus
1336 1938 1555 1978 Canonicis
1573 1934 1794 1982 Capitula-

453 1984 562 2040 “¹³⁰5
578 2008 592 2027 ⁹
623 1985 661 2023 3(
680 1996 830 2026 novem
848 1987 1217 2037 supranumerariis
1236 2017 1248 2036 ,
1267 1992 1489 2040 omnesque
1507 1987 1648 2035 petitae
1669 1998 1690 2024 a
1709 1985 1790 2025 Ca·-

455 2047 606 2092 nonico
622 2036 840 2078 Sebastiani
862 2041 1092 2082 reductioni
1110 2043 1345 2083 consentire
1364 2072 1374 2081 .
1407 2040 1704 2083 Addit,omnes
1725 2045 1794 2077 te-

451 2099 540 2126 neri
559 2087 760 2128 -divinum
797 2104 945 2132 canere
974 2094 1160 2134 officium
1192 2095 1516 2144 quibuscumque
1549 2091 1643 2130 anni
1678 2088 1790 2129 festis

447 2140 609 2186 diebus,
624 2140 738 2189 integ
750 2154 790 2180 ra
810 2143 969 2183 Ostava
987 2144 1182 2192 Corporis
1199 2144 1374 2190 Christi,
1395 2147 1433 2185 Sc
1449 2142 1789 2192 Completorium

447 2191 614 2240 singulis
645 2192 785 2231 diebus
805 2193 1090 2245 Qadragefiae
1110 2222 1123 2240 ,
1154 2210 1229 2238 nec
1251 2210 1327 2236 non
1348 2196 1538 2238 interesse
1557 2193 1786 2234 Proceffio-

449 2245 526 2288 ni,
558 2252 649 2302 tum
668 2257 754 2295 quae
772 2245 810 2284 in
831 2259 878 2286 ea
898 2248 1192 2295 solemnitate,
1223 2258 1314 2289 tum
1334 2251 1428 2289 aliis
1447 2276 1461 2295 ‚
1494 2261 1580 2301 quae
1613 2247 1652 2286 in
1682 2245 1784 2285 festo

449 2297 487 2335 S.
509 2295 661 2340 Marci,
678 2299 715 2337 &
736 2298 773 2336 in
792 2299 935 2340 diebus
956 2300 1233 2351 Rogationum
1252 2310 1504 2352 peraguntur
1518 2315 1535 2341 3
1551 2312 1598 2339 ac
1615 2299 1787 2339 demum

449 2349 659 2389 celebrare
684 2349 843 2390 Missam
875 2364 970 2392 cum
998 2362 1121 2394 cantu
1153 2354 1294 2394 diebus
1329 2354 1452 2393 Lunae
1480 2379 1493 2399 ,
1520 2355 1559 2393 &
1591 2350 1788 2392 Sabbathi

446 2401 1003 2460 cuiuslibethebdomadae,
1035 2419 1079 2446 ac
1095 2408 1221 2448 et³am
1252 2407 1464 2447 nonnullis
1496 2404 1601 2444 infra
1629 2415 1786 2444 annum

452 2457 767 2495 occurrentibus
793 2455 901 2497 festis
930 2488 940 2499 .
971 2459 1194 2503 Frustuum
1232 2459 1411 2510 denique
1467 2458 1784 2506 uniuscujusque

454 2506 680 2547 praebendae
711 2511 898 2550 notulam
929 2513 1178 2558 transmisit,
1209 2523 1256 2559 ex
1278 2524 1355 2562 qua
1389 2520 1590 2559 apparet,
1621 2509 1782 2550 reditus

450 2559 739 2615 canonicatus
757 2565 804 2601 ab
823 2564 1005 2604 Oratore
1024 2564 1177 2615 posseffi
1199 2562 1414 2604 inferiores
1441 2563 1518 2604 esse
1538 2563 1586 2602 iis
1606 2587 1620 2608 ,
1652 2561 1785 2613 quial)

461 2611 554 2649 alus
575 2613 859 2660 percipiuntur
872 2641 886 2660 ,
916 2629 1010 2656 cum
1030 2629 1131 2657 unus
1149 2631 1210 2661 30.
1229 2642 1244 2664 ,
1261 2617 1366 2657 alius
1383 2617 1482 2657 vero
1498 2630 1562 2666 40.
1579 2640 1592 2659 ,
1610 2615 1782 2654 nonnul-

456 2663 488 2704 li
514 2662 644 2703 etiam
671 2678 736 2709 50·
755 2692 769 2713 ›
800 2670 838 2709 ὅ(
856 2670 1062 2722 sexaginta
1078 2670 1220 2718 scuta,
1249 2671 1287 2711 3<
1315 2671 1667 2720 Archipresbyter
1694 2666 1787 2756 stila
