1914 2935
478 87 527 112 20
953 85 1013 111 20.
1035 71 1214 122 Jannari‘i
1247 82 1360 117 ¹770.

417 121 572 166 Contra
588 134 689 166 vcro
702 125 752 166 ad
772 125 802 165 1.
833 125 947 169 ajunt
977 124 1177 171 Deputati
1210 121 1501 163 NosocomiiS.
1525 120 1675 162 Rocchi
1694 146 1708 166 ‚
1727 121 1793 161 sea

470 178 599 217 libera
617 177 740 225 potiri
762 177 944 216 Ecclesiae
961 176 1308 216 administratione
1327 201 1339 220 ‚
1359 187 1405 215 ac
1421 173 1619 214 facultate
1639 175 1688 212 ad
1709 173 1796 213 Sac.

470 228 702 269 functiones
717 228 889 271 vocandi
911 228 1201 269 Ecclesiasticos
1231 228 1356 277 magis
1388 228 1455 266 sibi
1491 226 1730 268 benevisos,
1762 227 1800 265 S:

471 281 524 323 ad
553 282 726 323 titulare
754 280 922 330 propriae
952 280 1134 321 Ecclesia·
1166 278 1306 321 festum
1337 305 1350 325 ‚
1382 279 1526 324 majori
1559 291 1635 330 qua
1670 279 1801 327 potest

469 345 617 384 pompa
634 334 951 375 celebrandum:
981 333 1158 375 invitato
1177 333 1314 384 itaque
1339 331 1550 380 Capitale,
1570 341 1614 371 ut
1643 329 1802 370 interfit

471 397 567 425 cum
583 386 888 429 canonicalibus
910 384 1085 435 insigniis
1118 397 1252 434 capp-”c
1280 397 1429 434 magnae
1446 409 1458 427 ,
1488 391 1732 428 mozzettae‚
1763 382 1801 421 S<

471 438 674 481 Almutiae
694 462 708 484 ,
723 439 881 480 nullum
901 438 938 478 ei
955 437 1195 486 stipendium
1212 437 1366 480 deberi,
1381 437 1448 476 nist
1465 437 1720 478 canonicalia
1752 434 1800 473 il-

476 492 516 531 la
535 491 698 538 infignia
712 490 904 535 deferat,
925 502 1014 531 nam
1043 489 1144 532 alias
1173 492 1258 539 ejus
1292 500 1476 534 mentem
1508 502 1586 531 non
1618 490 1766 540 implet
1785 512 1799 533 ,

477 543 546 593 qui
570 541 692 592 ipsum
712 543 907 585 invitavit
922 573 931 586 .

424 595 519 638 Nec
550 594 680 635 obesse
707 596 903 641 jat‘tatam
941 595 1126 644 Capituli
1172 594 1446 643 possessionem
1490 593 1710 634 accedendi
1750 594 1799 633 ad

478 646 662 693 ejusdem
681 647 778 688 Festi
795 649 1119 690 celebrationem
1136 677 1145 689 .
1180 648 1279 688 Rem
1299 647 1493 699 siquidem
1516 645 1593 686 effe
1608 647 1659 686 de
1681 644 1801 685 Titn-

479 700 556 742 lari
574 699 710 746 Festo,
741 701 848 751 quod
880 702 1005 751 usque
1037 711 1172 745 nunc,
1204 713 1280 750 qua
1297 700 1594 748 maioripotuit
1625 710 1801 748 pompa,

478 765 526 794 ac
561 751 708 793 decore
740 753 937 794 celebrari
977 752 1134 799 semper
1177 753 1390 793 consuevit
1434 764 1445 791 t
1494 751 1604 792 Ante
1630 751 1802 790 eree‘tio-

475 816 571 847 nem
589 804 771 847 Ecclesiae
788 805 825 846 S.
846 805 985 844 Mariae
1005 805 1042 844 in
1060 804 1336 854 Collegiatam
1365 805 1477 844 illius
1496 804 1717 843 ministrum
1738 804 1802 842 su-

480 857 736 905 perpelliceo
753 882 765 903 ‚
791 870 838 898 ac
855 859 949 899 stola
970 857 1159 898 indutum
1175 856 1371 898 acceffiffe
1392 869 1401 895 :
1421 859 1501 906 post
1517 855 1798 896 cremonem-0

476 908 635 950 veroin
652 908 930 959 Collegiatam
946 910 1085 951 delata
1100 910 1254 959 semper
1269 909 1385 950 fuiffe
1400 908 1727 959 aCapitularibus
1746 907 1803 947 in-

475 961 604 1010 signia
621 972 752 1010 cappa·
770 973 919 1012 magua:
935 988 949 1007 ‚
969 972 1184 1003 mozzcttae
1202 988 1215 1008 ‚
1244 963 1281 1004 Sc
1295 962 1502 1002 almutiae:
1535 963 1618 1000 haec
1634 960 1802 1001 demum

479 1012 646 1065 insignia
663 1022 864 1062 perpetuo
880 1014 1018 1055 delata
1034 1027 1195 1064 quoque
1212 1013 1325 1055 fuisse
1342 1040 1354 1059 ‚
1384 1015 1422 1054 3<
1439 1015 1520 1064 post
1547 1012 1801 1052 erectionem

477 1076 591 1107 novae
619 1066 850 1114 collegiatae
880 1066 949 1107 SS.
985 1066 1167 1106 Petronii
1195 1089 1209 1110 ‚
1241 1066 1279 1107 8(
1305 1066 1513 1116 Prosperi.
1542 1065 1640 1104 Earn
1675 1064 1800 1113 igitur

475 1116 590 1159 fuisse
604 1118 804 1174 praeteriti
820 1119 1018 1167 temporis
1037 1115 1327 1166 possessionem,
1344 1128 1388 1158 ut
1417 1118 1559 1159 festum
1590 1116 1627 1157 S.
1647 1115 1804 1159 Rocchi

477 1169 717 1210 solemniori
747 1179 893 1219 pompa
932 1182 1027 1211 cum
1042 1170 1163 1211 distis
1181 1171 1358 1220 insigniis
1377 1171 1502 1210 fuerit
1518 1171 1771 1219 celebratum
1786 1193 1800 1212 ‚

478 1233 556 1261 nec
572 1221 697 1261 aliter
711 1223 961 1269 capitulares
990 1225 1066 1263 suae
1096 1219 1321 1270 possessioni
1351 1223 1430 1263 niti
1461 1222 1564 1271 poffe
1583 1246 1595 1265 ‚
1625 1232 1745 1269 quam
1774 1221 1801 1261 fi

479 1273 625 1316 iisdem
645 1273 820 1324 insigniis
839 1274 973 1316 induti
993 1274 1042 1315 ad
1061 1273 1161 1316 Festi
1181 1275 1502 1317 celebrationem
1523 1272 1717 1313 accedant
1738 1300 1749 1311 .

434 1326 637 1374 Despeeta
667 1326 830 1375 penitus
861 1327 1123 1368 excusatione
1152 1327 1406 1368 incommodi
1437 1324 1802 1373 aestivitemporisi

479 1390 575 1418 narn
588 1377 850 1426 capitulares
864 1379 1189 1428 eademinsignia
1204 1378 1397 1420 deferunt
1425 1388 1510 1418 tam
1539 1379 1577 1418 in
1611 1377 1794 1424 prowm⁴

475 1430 687 1487 Ecclesia,
717 1443 839 1481 quam
857 1431 898 1470 in
913 1431 1189 1473 functionibus
1220 1431 1505 1474 Ecclefiasticis
1536 1438 1652 1471 extra
1682 1440 1801 1467 eam„

481 1481 680 1532 agendis:
710 1484 759 1524 fic
775 1483 929 1533 jugiter
944 1485 1105 1525 servant
1123 1484 1162 1525 in
1179 1483 1300 1524 Pestis
1328 1484 1390 1524 die
1409 1498 1467 1524 ii.
1485 1507 1498 1527 2
1531 1486 1575 1528 &¹
1591 1495 1652 1528 ²7·
1680 1484 1803 1530 Apri-

480 1536 526 1574 lis
543 1559 556 1579 ‚
572 1537 615 1582 &¹
635 1547 694 1579 ις.
714 1537 834 1585 mensis
848 1538 1011 1586 Augusti·
1027 1536 1065 1578 iu
1087 1536 1220 1578 dissita
1242 1535 1422 1576 Ecclesia
1440 1535 1482 1576 B.
1499 1534 1558 1576 M.
1576 1535 1625 1576 V.
1643 1534 1703 1573 de}
1718 1534 1805 1572 Mi-

480 1586 555 1627 lirio
572 1596 685 1627 extra
703 1587 914 1637 Oppidum
933 1589 1129 1634 sita,item
1142 1589 1270 1638 prima
1288 1587 1361 1628 die·
1374 1586 1592 1628 Dominica
1610 1587 1806 1626 mensium

480 1641 583 1680 Maii
597 1661 611 1683 9
627 1640 665 1682 8<
680 1639 790 1690 ‘Junii
806 1641 845 1681 iu
878 1641 1055 1684 Ecclesia
1071 1641 1265 1682 Sodalitii
1283 1640 1398 1679 SSriii
1417 1641 1612 1688 Corporis
1629 1637 1772 1678 Christi
1791 1662 1804 1682 ‚

481 1690 654 1739 aliisque
675 1692 854 1738 pluribus
872 1692 1085 1743 festiS‚quae
1106 1694 1144 1731 in
1160 1691 1312 1732 exteris
1331 1700 1505 1741 aguntur
1527 1690 1712 1732 Ecciefiis
1733 1714 1744 1733 ,
1766 1690 1801 1728 S:

481 1738 728 1783 inomnibus
756 1743 1120 1790 supplicationibus
1138 1769 1150 1788 ‚
1173 1744 1212 1784 in
1231 1742 1374 1795 quibus
1403 1741 1663 1791 Capitulares
1695 1741 1805 1781 elata

483 1793 647 1850 Crucey
672 1793 1006 1843 &collegialiter
1025 1794 1246 1834 incedunt:
1276 1794 1479 1834 Absonum
1497 1794 1621 1844 igitur
1645 1791 1739 1837 else,
1759 1803 1805 1832 ut

482 1856 632 1886 minori
650 1855 797 1893 pompa
815 1847 1012 1891 accedere
1031 1848 1163 1889 velint
1178 1846 1227 1889 ad
1246 1847 1425 1887 solemne
1456 1846 1610 1886 Festum
1640 1846 1679 1886 S.
1702 1844 1808 1885 Roc·

482 1896 551 1938 chi
581 1897 897 1953 celebrandum,
918 1911 989 1948 pro
1018 1912 1098 1951 quo
1128 1911 1353 1951 congruum
1383 1898 1441 1937 eis
1471 1897 1713 1948 stipendium
1744 1910 1808 1938 re·

484 1948 705 2004 penditur.
736 1950 847 1992 Hinc
863 1951 914 1990 ad
932 1950 983 1994 11.
998 1952 1278 1996 concludunt,
1310 1952 1470 1991 nullum
1498 1951 1558 1991 eis
1583 1951 1806 1991 deneristi·

486 2000 767 2051 pendiumpro
797 2002 845 2044 iis
861 2004 975 2043 aunis
991 2028 1004 2048 ‚
1022 2004 1166 2054 quibus
1183 2005 1317 2044 minus
1335 2003 1506 2045 solemni
1539 2002 1688 2044 decore
1721 2002 1810 2050 ipfis

488 2053 646 2109 placuit
661 2055 708 2094 ad
730 2054 901 2096 titulare
915 2055 1069 2097 Festum
1086 2055 1124 2096 S.
1144 2055 1297 2096 Rocchi
1318 2055 1573 2096 intervenire
1589 2082 1600 2094 .

437 2104 603 2153 Ambigi
637 2106 776 2154 nequit
808 2104 858 2145 de
888 2106 1163 2158 antiquiffima
1190 2105 1424 2154 possessione
1466 2105 1702 2149 celebrandi
1731 2105 1808 2146 Fe-

488 2158 588 2197 stum
619 2154 812 2200 Titii-lare
830 2157 1016 2200 Ecciefiae
1035 2158 1072 2196 S.
1093 2158 1243 2200 Rocchi
1258 2158 1434 2207 primum
1453 2169 1576 2206 penes
1595 2158 1809 2198 parochia·

487 2210 574 2249 lem
592 2208 811 2250 Ecclesiam
830 2235 842 2254 ‚
877 2211 913 2251 δέ
943 2211 1035 2250 dein
1051 2209 1330 2260 Collegiatam
1350 2211 1386 2251 S.
1406 2211 1548 2251 Mariae
1567 2237 1580 2256 ‚
1614 2211 1718 2251 intra
1736 2223 1809 2250 cu-

486 2262 550 2308 jus
565 2261 724 2301 limites
739 2262 915 2303 Ecclesia
935 2263 974 2302 S.
996 2261 1148 2303 Rocchi
1166 2264 1235 2302 fita
1252 2272 1356 2306 erat,
1373 2264 1411 2305 ὃς
1430 2264 1630 2311 postremo
1646 2273 1808 2313 tempo-

489 2326 533 2353 re
553 2325 673 2361 penes
691 2326 837 2356 novam
861 2313 1137 2365 Collegiatam
1168 2315 1387 2356 Ecclesiam
1415 2315 1482 2357 SS.
1516 2315 1740 2360 Petronio-s
1767 2315 1808 2357 δε

491 2364 689 2423 Prospero
703 2365 910 2410 dicatam,
940 2367 989 2408 ad
1015 2379 1134 2420 quam
1165 2369 1302 2411 omnia
1333 2380 1420 2415 iura
1450 2367 1654 2418 suppreffae
1687 2367 1809 2417 Paro-

490 2418 673 2474 chlallsy
706 2430 751 2459 ac
773 2417 1015 2468 Collegiatae
1047 2419 1082 2460 S.
1106 2420 1243 2460 Maria:
1259 2421 1458 2462 translata
1475 2420 1640 2461 fuerunt
1657 2449 1666 2461 .
1693 2419 1809 2460 Hanc

489 2478 630 2527 autern
650 2470 775 2518 ipsam
796 2468 1068 2518 possessionem
1088 2472 1208 2520 plene
1242 2473 1371 2515 etiam
1389 2472 1649 2514 confirmavit
1680 2471 1810 2512 Bene·

490 2521 678 2576 nedictus
696 2521 808 2562 XIV.
828 2522 867 2564 iu
905 2523 1244 2570 suisApostolicis
1277 2524 1430 2565 Literis
1460 2525 1554 2565 anni
1582 2535 1694 2570 1757.
1730 2522 1804 2561 iri-J

492 2573 633 2622 quibus
649 2576 733 2613 haec
766 2575 964 2617 habentur
980 2588 990 2617 ἶ
1021 2576 1123 2627 Qu
1138 2590 1225 2615 vero
1241 2577 1448 2626 Capitulum
1462 2602 1475 2622 ‚
1502 2580 1546 2621 ὠ·
1564 2578 1735 2616 Canonici
1753 2575 1811 2611 de·-

493 2626 554 2665 filae
571 2625 599 2662 C
605 2625 780 2676 ollegiatae
792 2628 961 2680 Ecclefiae
977 2655 990 2676 ‚
1024 2631 1066 2675 εἰς·
1083 2629 1310 2669 parochialis
1324 2632 1393 2669 SS.
1419 2631 1585 2669 Petronis·
1598 2651 1612 2672 ,
1645 2629 1688 2672 &¹
1716 2628 1813 2666 Pro-

1729 2679 1815 2729 sre-
