<?xml version="1.0" encoding="UTF-8"?>
<!DOCTYPE html PUBLIC "-//W3C//DTD XHTML 1.0 Transitional//EN"
    "http://www.w3.org/TR/xhtml1/DTD/xhtml1-transitional.dtd">
<html xmlns="http://www.w3.org/1999/xhtml" xml:lang="en" lang="en">
 <head>
  <title>
</title>
<meta http-equiv="Content-Type" content="text/html;charset=utf-8" />
  <meta name='ocr-system' content='tesseract 3.04.00' />
  <meta name='ocr-capabilities' content='ocr_page ocr_carea ocr_par ocr_line ocrx_word'/>
</head>
<body>
  <div class='ocr_page' id='page_1' title='image "./thesaurusresolut38cath_0337.png"; bbox 0 0 1865 2935; ppageno 0'>
   <div class='ocr_carea' id='block_1_1' title="bbox 20 97 1445 2731">
    <p class='ocr_par' dir='ltr' id='par_1_1' title="bbox 574 97 1398 151">
     <span class='ocr_line' id='line_1_1' title="bbox 574 97 1398 151; baseline 0.004 -14"><span class='ocrx_word' id='word_1_1' title='bbox 574 114 631 139; x_wconf 81' lang='lat'>12.</span> <span class='ocrx_word' id='word_1_2' title='bbox 651 97 753 151; x_wconf 81' lang='lat' dir='ltr'>Maji</span> <span class='ocrx_word' id='word_1_3' title='bbox 787 113 899 146; x_wconf 54' lang='lat'>1773.</span> <span class='ocrx_word' id='word_1_4' title='bbox 1328 117 1398 150; x_wconf 86' lang='lat'>127</span> 
     </span>
    </p>

    <p class='ocr_par' dir='ltr' id='par_1_2' title="bbox 64 149 1401 717">
     <span class='ocr_line' id='line_1_2' title="bbox 64 149 1395 199; baseline 0.005 -13"><span class='ocrx_word' id='word_1_5' title='bbox 64 151 349 198; x_wconf 43' lang='lat' dir='ltr'>gniseii&#39;ioucm</span> <span class='ocrx_word' id='word_1_6' title='bbox 374 177 383 194; x_wconf 81' lang='lat'><em>,</em></span> <span class='ocrx_word' id='word_1_7' title='bbox 420 162 461 190; x_wconf 59' lang='lat' dir='ltr'>aa:</span> <span class='ocrx_word' id='word_1_8' title='bbox 493 153 618 190; x_wconf 76' lang='lat' dir='ltr'>etiam</span> <span class='ocrx_word' id='word_1_9' title='bbox 654 149 835 190; x_wconf 76' lang='lat' dir='ltr'>indixisse</span> <span class='ocrx_word' id='word_1_10' title='bbox 865 162 1023 199; x_wconf 67' lang='lat' dir='ltr'>poenam</span> <span class='ocrx_word' id='word_1_11' title='bbox 1044 153 1283 198; x_wconf 65' lang='lat' dir='ltr'>privationis</span> <span class='ocrx_word' id='word_1_12' title='bbox 1316 155 1395 192; x_wconf 81' lang='lat' dir='ltr'>Ca—</span> 
     </span>
     <span class='ocr_line' id='line_1_3' title="bbox 71 202 1389 252; baseline 0.005 -15"><span class='ocrx_word' id='word_1_13' title='bbox 71 202 263 251; x_wconf 66' lang='lat' dir='ltr'>pellaniae</span> <span class='ocrx_word' id='word_1_14' title='bbox 282 228 293 247; x_wconf 91' lang='lat'>,</span> <span class='ocrx_word' id='word_1_15' title='bbox 321 203 388 252; x_wconf 88' lang='lat' dir='ltr'>qui</span> <span class='ocrx_word' id='word_1_16' title='bbox 408 204 606 242; x_wconf 73' lang='lat' dir='ltr'>molestias</span> <span class='ocrx_word' id='word_1_17' title='bbox 624 203 713 242; x_wconf 88' lang='lat' dir='ltr'>aliis</span> <span class='ocrx_word' id='word_1_18' title='bbox 736 202 936 241; x_wconf 77' lang='lat' dir='ltr'>intulisset</span> <span class='ocrx_word' id='word_1_19' title='bbox 953 203 1186 251; x_wconf 81' lang='lat' dir='ltr'>Capellauis</span> <span class='ocrx_word' id='word_1_20' title='bbox 1217 233 1226 242; x_wconf 86' lang='lat'><strong>.</strong></span> <span class='ocrx_word' id='word_1_21' title='bbox 1269 204 1389 245; x_wconf 86' lang='lat' dir='ltr'>Clare</span> 
     </span>
     <span class='ocr_line' id='line_1_4' title="bbox 76 254 1393 304; baseline 0.003 -13"><span class='ocrx_word' id='word_1_22' title='bbox 76 255 361 293; x_wconf 81' lang='lat' dir='ltr'>ideocoustare</span> <span class='ocrx_word' id='word_1_23' title='bbox 380 281 390 299; x_wconf 79' lang='lat'><strong>‚</strong></span> <span class='ocrx_word' id='word_1_24' title='bbox 422 268 506 293; x_wconf 75' lang='lat' dir='ltr'>rem</span> <span class='ocrx_word' id='word_1_25' title='bbox 535 254 609 294; x_wconf 79' lang='lat' dir='ltr'>effe</span> <span class='ocrx_word' id='word_1_26' title='bbox 644 254 693 294; x_wconf 93' lang='lat' dir='ltr'>de</span> <span class='ocrx_word' id='word_1_27' title='bbox 722 254 956 304; x_wconf 83' lang='lat' dir='ltr'>Capellania</span> <span class='ocrx_word' id='word_1_28' title='bbox 986 267 1096 294; x_wconf 85' lang='lat' dir='ltr'>mere</span> <span class='ocrx_word' id='word_1_29' title='bbox 1125 256 1297 300; x_wconf 85' lang='lat' dir='ltr'>laicali,</span> <span class='ocrx_word' id='word_1_30' title='bbox 1328 262 1393 295; x_wconf 86' lang='lat' dir='ltr'>seu</span> 
     </span>
     <span class='ocr_line' id='line_1_5' title="bbox 77 305 1398 355; baseline 0 -10"><span class='ocrx_word' id='word_1_31' title='bbox 77 308 215 350; x_wconf 56' lang='lat' dir='ltr'>legato</span> <span class='ocrx_word' id='word_1_32' title='bbox 239 305 312 352; x_wconf 83' lang='lat' dir='ltr'>pio</span> <span class='ocrx_word' id='word_1_33' title='bbox 331 319 423 344; x_wconf 82' lang='lat' dir='ltr'>cum</span> <span class='ocrx_word' id='word_1_34' title='bbox 439 319 563 344; x_wconf 84' lang='lat' dir='ltr'>onere</span> <span class='ocrx_word' id='word_1_35' title='bbox 579 305 788 345; x_wconf 79' lang='lat' dir='ltr'>Misl&#39;arum</span> <span class='ocrx_word' id='word_1_36' title='bbox 819 309 902 354; x_wconf 78' lang='lat' dir='ltr'>Cap.</span> <span class='ocrx_word' id='word_1_37' title='bbox 924 307 997 343; x_wconf 68' lang='lat' dir='ltr'>Ad</span> <span class='ocrx_word' id='word_1_38' title='bbox 1017 309 1088 344; x_wconf 78' lang='lat' dir='ltr'>haec</span> <span class='ocrx_word' id='word_1_39' title='bbox 1119 309 1163 344; x_wconf 83' lang='lat' dir='ltr'>de</span> <span class='ocrx_word' id='word_1_40' title='bbox 1180 308 1299 355; x_wconf 78' lang='lat' dir='ltr'>Relig.</span> <span class='ocrx_word' id='word_1_41' title='bbox 1320 311 1398 345; x_wconf 82' lang='lat' dir='ltr'>Do-</span> 
     </span>
     <span class='ocr_line' id='line_1_6' title="bbox 87 358 1396 411; baseline 0.002 -16"><span class='ocrx_word' id='word_1_42' title='bbox 87 361 205 395; x_wconf 77' lang='lat' dir='ltr'>mibus</span> <span class='ocrx_word' id='word_1_43' title='bbox 221 383 233 401; x_wconf 93' lang='lat'>,</span> <span class='ocrx_word' id='word_1_44' title='bbox 263 358 376 406; x_wconf 75' lang='lat' dir='ltr'>quff.</span> <span class='ocrx_word' id='word_1_45' title='bbox 404 360 443 394; x_wconf 78' lang='lat' dir='ltr'>in</span> <span class='ocrx_word' id='word_1_46' title='bbox 459 359 632 396; x_wconf 79' lang='lat' dir='ltr'>Clement.</span> <span class='ocrx_word' id='word_1_47' title='bbox 652 373 686 396; x_wconf 89' lang='lat'>2.</span> <span class='ocrx_word' id='word_1_48' title='bbox 725 360 874 406; x_wconf 76' lang='lat' dir='ltr'>verbosi</span> <span class='ocrx_word' id='word_1_49' title='bbox 890 360 1151 404; x_wconf 72' lang='lat' dir='ltr'>Beneficiorum</span> <span class='ocrx_word' id='word_1_50' title='bbox 1181 361 1225 396; x_wconf 83' lang='lat' dir='ltr'>de</span> <span class='ocrx_word' id='word_1_51' title='bbox 1244 361 1368 411; x_wconf 76' lang='lat' dir='ltr'>judie.</span> <span class='ocrx_word' id='word_1_52' title='bbox 1385 386 1396 404; x_wconf 89' lang='lat'>‚</span> 
     </span>
     <span class='ocr_line' id='line_1_7' title="bbox 89 410 1401 460; baseline 0.002 -12"><span class='ocrx_word' id='word_1_53' title='bbox 89 411 260 459; x_wconf 86' lang='lat' dir='ltr'>ideoque</span> <span class='ocrx_word' id='word_1_54' title='bbox 291 410 392 448; x_wconf 82' lang='lat' dir='ltr'>ninii</span> <span class='ocrx_word' id='word_1_55' title='bbox 425 411 606 453; x_wconf 72' lang='lat' dir='ltr'>obi-rare,</span> <span class='ocrx_word' id='word_1_56' title='bbox 634 411 704 449; x_wconf 83' lang='lat' dir='ltr'>vel</span> <span class='ocrx_word' id='word_1_57' title='bbox 733 411 961 456; x_wconf 78' lang='lat' dir='ltr'>hujusmodi</span> <span class='ocrx_word' id='word_1_58' title='bbox 994 412 1180 459; x_wconf 82' lang='lat' dir='ltr'>legatum</span> <span class='ocrx_word' id='word_1_59' title='bbox 1210 411 1401 460; x_wconf 77' lang='lat' dir='ltr'>Capella·-</span> 
     </span>
     <span class='ocr_line' id='line_1_8' title="bbox 86 459 1401 508; baseline 0.002 -9"><span class='ocrx_word' id='word_1_60' title='bbox 86 464 159 499; x_wconf 70' lang='lat' dir='ltr'>niae</span> <span class='ocrx_word' id='word_1_61' title='bbox 188 461 353 499; x_wconf 87' lang='lat' dir='ltr'>nomine</span> <span class='ocrx_word' id='word_1_62' title='bbox 386 459 496 499; x_wconf 72' lang='lat' dir='ltr'>fuiffe</span> <span class='ocrx_word' id='word_1_63' title='bbox 513 461 792 508; x_wconf 77' lang='lat' dir='ltr'>appellatum,</span> <span class='ocrx_word' id='word_1_64' title='bbox 826 463 863 500; x_wconf 68' lang='lat' dir='ltr'>Sc</span> <span class='ocrx_word' id='word_1_65' title='bbox 893 474 990 500; x_wconf 83' lang='lat' dir='ltr'>onus</span> <span class='ocrx_word' id='word_1_66' title='bbox 1029 462 1237 501; x_wconf 72' lang='lat' dir='ltr'>Musarum</span> <span class='ocrx_word' id='word_1_67' title='bbox 1271 464 1401 508; x_wconf 78' lang='lat' dir='ltr'>injun-</span> 
     </span>
     <span class='ocr_line' id='line_1_9' title="bbox 86 511 1391 559; baseline 0.002 -8"><span class='ocrx_word' id='word_1_68' title='bbox 86 516 196 551; x_wconf 65' lang='lat' dir='ltr'>ctum</span> <span class='ocrx_word' id='word_1_69' title='bbox 212 511 326 550; x_wconf 66' lang='lat' dir='ltr'>fuisse</span> <span class='ocrx_word' id='word_1_70' title='bbox 344 538 353 556; x_wconf 92' lang='lat'>,</span> <span class='ocrx_word' id='word_1_71' title='bbox 384 524 429 550; x_wconf 87' lang='lat' dir='ltr'>ac</span> <span class='ocrx_word' id='word_1_72' title='bbox 444 520 598 551; x_wconf 85' lang='lat' dir='ltr'>certam</span> <span class='ocrx_word' id='word_1_73' title='bbox 615 512 767 552; x_wconf 87' lang='lat' dir='ltr'>Dotem</span> <span class='ocrx_word' id='word_1_74' title='bbox 780 512 1040 551; x_wconf 76' lang='lat' dir='ltr'>constitutam</span> <span class='ocrx_word' id='word_1_75' title='bbox 1055 540 1068 559; x_wconf 87' lang='lat'>‚</span> <span class='ocrx_word' id='word_1_76' title='bbox 1082 516 1136 558; x_wconf 50' lang='grc' dir='ltr'>ᾖδε</span> <span class='ocrx_word' id='word_1_77' title='bbox 1165 517 1213 554; x_wconf 87' lang='lat' dir='ltr'>ad</span> <span class='ocrx_word' id='word_1_78' title='bbox 1232 525 1391 554; x_wconf 86' lang='lat' dir='ltr'>certum</span> 
     </span>
     <span class='ocr_line' id='line_1_10' title="bbox 86 563 1396 617; baseline 0.003 -15"><span class='ocrx_word' id='word_1_79' title='bbox 86 565 233 603; x_wconf 83' lang='lat' dir='ltr'>Altare</span> <span class='ocrx_word' id='word_1_80' title='bbox 252 564 398 603; x_wconf 61' lang='lat' dir='ltr'>fariam</span> <span class='ocrx_word' id='word_1_81' title='bbox 426 564 674 602; x_wconf 60' lang='lat' dir='ltr'>erectionem</span> <span class='ocrx_word' id='word_1_82' title='bbox 694 563 1001 617; x_wconf 75' lang='lat' dir='ltr'>Castil.conrr.jur</span> <span class='ocrx_word' id='word_1_83' title='bbox 1017 567 1123 605; x_wconf 83' lang='lat' dir='ltr'>lib.8.</span> <span class='ocrx_word' id='word_1_84' title='bbox 1137 577 1254 616; x_wconf 80' lang='lat' dir='ltr'>cap.7.</span> <span class='ocrx_word' id='word_1_85' title='bbox 1274 581 1396 614; x_wconf 72' lang='lat' dir='ltr'>n.14.,</span> 
     </span>
     <span class='ocr_line' id='line_1_11' title="bbox 90 613 1401 669; baseline 0.002 -14"><span class='ocrx_word' id='word_1_86' title='bbox 90 617 155 655; x_wconf 87' lang='lat' dir='ltr'>vel</span> <span class='ocrx_word' id='word_1_87' title='bbox 173 616 459 658; x_wconf 79' lang='lat' dir='ltr'>executionem</span> <span class='ocrx_word' id='word_1_88' title='bbox 476 613 588 655; x_wconf 74' lang='lat' dir='ltr'>fuiffe</span> <span class='ocrx_word' id='word_1_89' title='bbox 606 616 804 665; x_wconf 82' lang='lat' dir='ltr'>Episcopo</span> <span class='ocrx_word' id='word_1_90' title='bbox 819 614 1071 656; x_wconf 79' lang='lat' dir='ltr'>commissam</span> <span class='ocrx_word' id='word_1_91' title='bbox 1089 619 1254 669; x_wconf 45' lang='lat' dir='ltr'>Clemq.</span> <span class='ocrx_word' id='word_1_92' title='bbox 1274 621 1318 657; x_wconf 84' lang='lat' dir='ltr'>de</span> <span class='ocrx_word' id='word_1_93' title='bbox 1334 622 1401 657; x_wconf 73' lang='lat' dir='ltr'>Te-</span> 
     </span>
     <span class='ocr_line' id='line_1_12' title="bbox 88 670 256 717; baseline -0.006 -12"><span class='ocrx_word' id='word_1_94' title='bbox 88 670 256 717; x_wconf 64' lang='lat' dir='ltr'>stamen.</span> 
     </span>
    </p>

    <p class='ocr_par' dir='ltr' id='par_1_3' title="bbox 41 720 1406 1227">
     <span class='ocr_line' id='line_1_13' title="bbox 41 720 1398 771; baseline 0.001 -13"><span class='ocrx_word' id='word_1_95' title='bbox 41 721 257 768; x_wconf 70' lang='lat' dir='ltr'>Pei-peram</span> <span class='ocrx_word' id='word_1_96' title='bbox 272 733 368 759; x_wconf 87' lang='lat' dir='ltr'>vero</span> <span class='ocrx_word' id='word_1_97' title='bbox 385 722 560 769; x_wconf 86' lang='lat' dir='ltr'>opponi,</span> <span class='ocrx_word' id='word_1_98' title='bbox 593 720 749 759; x_wconf 86' lang='lat' dir='ltr'>Dotem</span> <span class='ocrx_word' id='word_1_99' title='bbox 763 720 965 759; x_wconf 65' lang='lat' dir='ltr'>dic‘tarum</span> <span class='ocrx_word' id='word_1_100' title='bbox 982 722 1319 771; x_wconf 86' lang='lat' dir='ltr'>Capellaniarum</span> <span class='ocrx_word' id='word_1_101' title='bbox 1351 734 1398 760; x_wconf 75' lang='lat' dir='ltr'>ex</span> 
     </span>
     <span class='ocr_line' id='line_1_14' title="bbox 93 771 1399 813; baseline 0 -3"><span class='ocrx_word' id='word_1_102' title='bbox 93 774 258 810; x_wconf 89' lang='lat' dir='ltr'>cumulo</span> <span class='ocrx_word' id='word_1_103' title='bbox 278 772 485 811; x_wconf 80' lang='lat' dir='ltr'>redituum</span> <span class='ocrx_word' id='word_1_104' title='bbox 504 771 754 811; x_wconf 85' lang='lat' dir='ltr'>Parochialis</span> <span class='ocrx_word' id='word_1_105' title='bbox 786 773 969 812; x_wconf 84' lang='lat' dir='ltr'>Ecclesiae</span> <span class='ocrx_word' id='word_1_106' title='bbox 988 775 1108 813; x_wconf 85' lang='lat' dir='ltr'>Siroli</span> <span class='ocrx_word' id='word_1_107' title='bbox 1139 773 1253 813; x_wconf 82' lang='lat' dir='ltr'>fuisse</span> <span class='ocrx_word' id='word_1_108' title='bbox 1284 786 1399 812; x_wconf 84' lang='lat' dir='ltr'>com-</span> 
     </span>
     <span class='ocr_line' id='line_1_15' title="bbox 96 824 1398 874; baseline 0.002 -13"><span class='ocrx_word' id='word_1_109' title='bbox 96 833 278 872; x_wconf 73' lang='lat' dir='ltr'>paratam</span> <span class='ocrx_word' id='word_1_110' title='bbox 295 854 303 863; x_wconf 88' lang='lat'><strong>.</strong></span> <span class='ocrx_word' id='word_1_111' title='bbox 326 824 519 863; x_wconf 80' lang='lat' dir='ltr'>Advertit</span> <span class='ocrx_word' id='word_1_112' title='bbox 538 825 646 863; x_wconf 89' lang='lat' dir='ltr'>enim</span> <span class='ocrx_word' id='word_1_113' title='bbox 665 824 935 863; x_wconf 85' lang='lat' dir='ltr'>Fundatorem</span> <span class='ocrx_word' id='word_1_114' title='bbox 956 826 1127 874; x_wconf 85' lang='lat' dir='ltr'>propriis</span> <span class='ocrx_word' id='word_1_115' title='bbox 1146 827 1258 865; x_wconf 84' lang='lat' dir='ltr'>bonis</span> <span class='ocrx_word' id='word_1_116' title='bbox 1275 829 1398 864; x_wconf 87' lang='lat' dir='ltr'>abun-</span> 
     </span>
     <span class='ocr_line' id='line_1_16' title="bbox 96 875 1405 927; baseline 0.003 -14"><span class='ocrx_word' id='word_1_117' title='bbox 96 876 145 914; x_wconf 88' lang='lat' dir='ltr'>de</span> <span class='ocrx_word' id='word_1_118' title='bbox 165 875 278 914; x_wconf 77' lang='lat' dir='ltr'>fuilse</span> <span class='ocrx_word' id='word_1_119' title='bbox 295 876 472 914; x_wconf 85' lang='lat' dir='ltr'>ditatum</span> <span class='ocrx_word' id='word_1_120' title='bbox 487 903 500 921; x_wconf 85' lang='lat'>,</span> <span class='ocrx_word' id='word_1_121' title='bbox 533 889 577 915; x_wconf 89' lang='lat' dir='ltr'>ac</span> <span class='ocrx_word' id='word_1_122' title='bbox 593 885 674 919; x_wconf 84' lang='lat' dir='ltr'>tot,</span> <span class='ocrx_word' id='word_1_123' title='bbox 691 876 901 927; x_wconf 87' lang='lat' dir='ltr'>tantasque</span> <span class='ocrx_word' id='word_1_124' title='bbox 916 878 1086 916; x_wconf 88' lang='lat' dir='ltr'>summas</span> <span class='ocrx_word' id='word_1_125' title='bbox 1105 879 1143 916; x_wconf 91' lang='lat' dir='ltr'>in</span> <span class='ocrx_word' id='word_1_126' title='bbox 1163 879 1405 921; x_wconf 51' lang='lat' dir='ltr'>Ecclesiam&amp;</span> 
     </span>
     <span class='ocr_line' id='line_1_17' title="bbox 96 927 1406 978; baseline 0.001 -12"><span class='ocrx_word' id='word_1_127' title='bbox 96 941 316 977; x_wconf 88' lang='lat' dir='ltr'>pauperum</span> <span class='ocrx_word' id='word_1_128' title='bbox 335 928 552 967; x_wconf 88' lang='lat' dir='ltr'>comodum</span> <span class='ocrx_word' id='word_1_129' title='bbox 573 927 745 977; x_wconf 80' lang='lat' dir='ltr'>erogasse</span> <span class='ocrx_word' id='word_1_130' title='bbox 762 952 775 971; x_wconf 84' lang='lat'><strong>‚</strong></span> <span class='ocrx_word' id='word_1_131' title='bbox 803 937 847 966; x_wconf 93' lang='lat' dir='ltr'>ut</span> <span class='ocrx_word' id='word_1_132' title='bbox 879 930 997 978; x_wconf 87' lang='lat' dir='ltr'>longe</span> <span class='ocrx_word' id='word_1_133' title='bbox 1030 930 1231 969; x_wconf 74' lang='lat' dir='ltr'>Parochiae</span> <span class='ocrx_word' id='word_1_134' title='bbox 1251 931 1406 969; x_wconf 80' lang='lat' dir='ltr'>reditus</span> 
     </span>
     <span class='ocr_line' id='line_1_18' title="bbox 94 979 1400 1028; baseline 0.002 -11"><span class='ocrx_word' id='word_1_135' title='bbox 94 980 355 1028; x_wconf 79' lang='lat' dir='ltr'>absumpserit</span> <span class='ocrx_word' id='word_1_136' title='bbox 370 1009 379 1018; x_wconf 90' lang='lat'><strong><em>.</em></strong></span> <span class='ocrx_word' id='word_1_137' title='bbox 396 979 525 1018; x_wconf 91' lang='lat' dir='ltr'>Addit</span> <span class='ocrx_word' id='word_1_138' title='bbox 543 980 582 1017; x_wconf 85' lang='lat' dir='ltr'>in</span> <span class='ocrx_word' id='word_1_139' title='bbox 602 980 773 1018; x_wconf 84' lang='lat' dir='ltr'>Dioecesi</span> <span class='ocrx_word' id='word_1_140' title='bbox 793 980 1048 1020; x_wconf 87' lang='lat' dir='ltr'>Anconitana</span> <span class='ocrx_word' id='word_1_141' title='bbox 1068 983 1194 1028; x_wconf 87' lang='lat' dir='ltr'>spolia</span> <span class='ocrx_word' id='word_1_142' title='bbox 1214 981 1400 1021; x_wconf 83' lang='lat' dir='ltr'>Rev.Ca-</span> 
     </span>
     <span class='ocr_line' id='line_1_19' title="bbox 92 1032 1398 1081; baseline 0.003 -13"><span class='ocrx_word' id='word_1_143' title='bbox 92 1043 211 1070; x_wconf 70' lang='lat' dir='ltr'>merae</span> <span class='ocrx_word' id='word_1_144' title='bbox 227 1032 464 1078; x_wconf 74' lang='lat' dir='ltr'>Apostolicae</span> <span class='ocrx_word' id='word_1_145' title='bbox 492 1041 536 1069; x_wconf 83' lang='lat' dir='ltr'>ex</span> <span class='ocrx_word' id='word_1_146' title='bbox 552 1032 842 1080; x_wconf 79' lang='lat' dir='ltr'>compositione</span> <span class='ocrx_word' id='word_1_147' title='bbox 861 1034 1037 1081; x_wconf 87' lang='lat' dir='ltr'>persolvi</span> <span class='ocrx_word' id='word_1_148' title='bbox 1068 1034 1106 1071; x_wconf 91' lang='lat' dir='ltr'>in</span> <span class='ocrx_word' id='word_1_149' title='bbox 1122 1034 1260 1073; x_wconf 80' lang='lat' dir='ltr'>annuis</span> <span class='ocrx_word' id='word_1_150' title='bbox 1278 1036 1398 1076; x_wconf 84' lang='lat' dir='ltr'>sc.30.</span> 
     </span>
     <span class='ocr_line' id='line_1_20' title="bbox 92 1083 1403 1133; baseline 0.002 -12"><span class='ocrx_word' id='word_1_151' title='bbox 92 1093 214 1133; x_wconf 82' lang='lat' dir='ltr'>atque</span> <span class='ocrx_word' id='word_1_152' title='bbox 233 1083 386 1121; x_wconf 78' lang='lat' dir='ltr'>idcirco</span> <span class='ocrx_word' id='word_1_153' title='bbox 406 1083 691 1121; x_wconf 85' lang='lat' dir='ltr'>beneficiatum</span> <span class='ocrx_word' id='word_1_154' title='bbox 718 1094 1018 1133; x_wconf 83' lang='lat' dir='ltr'>quemcumque</span> <span class='ocrx_word' id='word_1_155' title='bbox 1048 1086 1098 1124; x_wconf 83' lang='lat' dir='ltr'>de</span> <span class='ocrx_word' id='word_1_156' title='bbox 1128 1087 1246 1123; x_wconf 89' lang='lat' dir='ltr'>bonis</span> <span class='ocrx_word' id='word_1_157' title='bbox 1275 1086 1403 1123; x_wconf 85' lang='lat' dir='ltr'>etiam</span> 
     </span>
     <span class='ocr_line' id='line_1_21' title="bbox 92 1134 1403 1186; baseline -0.001 -12"><span class='ocrx_word' id='word_1_158' title='bbox 92 1148 139 1174; x_wconf 82' lang='lat' dir='ltr'>ex</span> <span class='ocrx_word' id='word_1_159' title='bbox 172 1135 367 1174; x_wconf 82' lang='lat' dir='ltr'>reditibus</span> <span class='ocrx_word' id='word_1_160' title='bbox 409 1135 594 1174; x_wconf 61' lang='lat' dir='ltr'>Ecclesia:</span> <span class='ocrx_word' id='word_1_161' title='bbox 637 1135 819 1185; x_wconf 74' lang='lat' dir='ltr'>aquisitis</span> <span class='ocrx_word' id='word_1_162' title='bbox 862 1134 964 1185; x_wconf 68' lang='lat' dir='ltr'>porse</span> <span class='ocrx_word' id='word_1_163' title='bbox 1010 1148 1080 1185; x_wconf 87' lang='lat' dir='ltr'>pro</span> <span class='ocrx_word' id='word_1_164' title='bbox 1121 1137 1240 1176; x_wconf 89' lang='lat' dir='ltr'>libito</span> <span class='ocrx_word' id='word_1_165' title='bbox 1270 1137 1403 1186; x_wconf 82' lang='lat' dir='ltr'>dispo-</span> 
     </span>
     <span class='ocr_line' id='line_1_22' title="bbox 97 1200 234 1227; baseline 0.015 -2"><span class='ocrx_word' id='word_1_166' title='bbox 97 1200 193 1226; x_wconf 85' lang='lat' dir='ltr'>nere</span> <span class='ocrx_word' id='word_1_167' title='bbox 225 1217 234 1227; x_wconf 88' lang='lat'><strong>.</strong></span> 
     </span>
    </p>

    <p class='ocr_par' dir='ltr' id='par_1_4' title="bbox 43 1238 1445 1861">
     <span class='ocr_line' id='line_1_23' title="bbox 43 1238 1445 1291; baseline 0 -13"><span class='ocrx_word' id='word_1_168' title='bbox 43 1238 154 1278; x_wconf 92' lang='lat' dir='ltr'>Hinc</span> <span class='ocrx_word' id='word_1_169' title='bbox 169 1239 406 1283; x_wconf 85' lang='lat' dir='ltr'>concludit,</span> <span class='ocrx_word' id='word_1_170' title='bbox 436 1238 835 1288; x_wconf 58' lang='lat' dir='ltr'>diRaaCapellauias</span> <span class='ocrx_word' id='word_1_171' title='bbox 854 1238 1039 1280; x_wconf 86' lang='lat' dir='ltr'>Laicales</span> <span class='ocrx_word' id='word_1_172' title='bbox 1055 1267 1066 1285; x_wconf 93' lang='lat'>,</span> <span class='ocrx_word' id='word_1_173' title='bbox 1101 1247 1310 1291; x_wconf 85' lang='lat' dir='ltr'>tamquam</span> <span class='ocrx_word' id='word_1_174' title='bbox 1343 1242 1406 1286; x_wconf 80' lang='lat' dir='ltr'>pia</span> <span class='ocrx_word' id='word_1_175' title='bbox 1442 1267 1445 1272; x_wconf 82' lang='grc'><strong>-</strong></span> 
     </span>
     <span class='ocr_line' id='line_1_24' title="bbox 94 1289 1410 1340; baseline -0.001 -10"><span class='ocrx_word' id='word_1_176' title='bbox 94 1292 228 1340; x_wconf 81' lang='lat' dir='ltr'>legata</span> <span class='ocrx_word' id='word_1_177' title='bbox 257 1304 350 1330; x_wconf 91' lang='lat' dir='ltr'>cum</span> <span class='ocrx_word' id='word_1_178' title='bbox 363 1302 486 1330; x_wconf 88' lang='lat' dir='ltr'>onere</span> <span class='ocrx_word' id='word_1_179' title='bbox 506 1289 710 1329; x_wconf 80' lang='lat' dir='ltr'>Miffarum</span> <span class='ocrx_word' id='word_1_180' title='bbox 736 1292 844 1330; x_wconf 57' lang='lat' dir='ltr'>reste</span> <span class='ocrx_word' id='word_1_181' title='bbox 860 1305 878 1329; x_wconf 87' lang='lat' dir='ltr'>a</span> <span class='ocrx_word' id='word_1_182' title='bbox 895 1290 1027 1330; x_wconf 84' lang='lat' dir='ltr'>Laicis</span> <span class='ocrx_word' id='word_1_183' title='bbox 1045 1293 1227 1340; x_wconf 84' lang='lat' dir='ltr'>acquiri,</span> <span class='ocrx_word' id='word_1_184' title='bbox 1247 1305 1291 1331; x_wconf 88' lang='lat' dir='ltr'>ac</span> <span class='ocrx_word' id='word_1_185' title='bbox 1310 1293 1410 1331; x_wconf 87' lang='lat' dir='ltr'>reti-</span> 
     </span>
     <span class='ocr_line' id='line_1_25' title="bbox 95 1342 1396 1393; baseline -0.002 -12"><span class='ocrx_word' id='word_1_186' title='bbox 95 1344 181 1381; x_wconf 80' lang='lat' dir='ltr'>neri</span> <span class='ocrx_word' id='word_1_187' title='bbox 209 1344 310 1391; x_wconf 79' lang='lat' dir='ltr'>poffe</span> <span class='ocrx_word' id='word_1_188' title='bbox 342 1343 426 1380; x_wconf 75' lang='lat' dir='ltr'><em>Rot.</em></span> <span class='ocrx_word' id='word_1_189' title='bbox 443 1346 479 1379; x_wconf 81' lang='lat' dir='ltr'>in</span> <span class='ocrx_word' id='word_1_190' title='bbox 493 1344 680 1386; x_wconf 73' lang='lat' dir='ltr'>Romana,</span> <span class='ocrx_word' id='word_1_191' title='bbox 701 1346 771 1393; x_wconf 76' lang='lat' dir='ltr'>seu</span> <span class='ocrx_word' id='word_1_192' title='bbox 800 1342 985 1383; x_wconf 52' lang='lat' dir='ltr'>&amp;odiens</span> <span class='ocrx_word' id='word_1_193' title='bbox 1002 1346 1214 1392; x_wconf 77' lang='lat' dir='ltr'>Immt‘ffi&#39;onis</span> <span class='ocrx_word' id='word_1_194' title='bbox 1244 1350 1280 1382; x_wconf 88' lang='lat'>6.</span> <span class='ocrx_word' id='word_1_195' title='bbox 1302 1343 1396 1392; x_wconf 71' lang='lat' dir='ltr'>Jttnz’</span> 
     </span>
     <span class='ocr_line' id='line_1_26' title="bbox 104 1396 1400 1443; baseline 0 -10"><span class='ocrx_word' id='word_1_196' title='bbox 104 1409 216 1441; x_wconf 85' lang='lat'>1755.</span> <span class='ocrx_word' id='word_1_197' title='bbox 235 1404 314 1438; x_wconf 40' lang='grc' dir='ltr'>ὣς.</span> <span class='ocrx_word' id='word_1_198' title='bbox 333 1397 381 1432; x_wconf 81' lang='lat' dir='ltr'>ad</span> <span class='ocrx_word' id='word_1_199' title='bbox 397 1400 432 1433; x_wconf 84' lang='lat'>8.</span> <span class='ocrx_word' id='word_1_200' title='bbox 451 1408 568 1432; x_wconf 84' lang='lat' dir='ltr'>coram</span> <span class='ocrx_word' id='word_1_201' title='bbox 587 1396 784 1434; x_wconf 60' lang='lat' dir='ltr'>clanmem.</span> <span class='ocrx_word' id='word_1_202' title='bbox 816 1398 925 1434; x_wconf 63' lang='lat' dir='ltr'>Carti.</span> <span class='ocrx_word' id='word_1_203' title='bbox 959 1398 1117 1443; x_wconf 73' lang='lat' dir='ltr'>Capram</span> <span class='ocrx_word' id='word_1_204' title='bbox 1135 1419 1146 1438; x_wconf 87' lang='lat'><strong>‚</strong></span> <span class='ocrx_word' id='word_1_205' title='bbox 1179 1397 1217 1434; x_wconf 75' lang='lat' dir='ltr'>Sc</span> <span class='ocrx_word' id='word_1_206' title='bbox 1251 1396 1400 1434; x_wconf 69' lang='lat' dir='ltr'>Sacra..</span> 
     </span>
     <span class='ocr_line' id='line_1_27' title="bbox 99 1447 1406 1497; baseline 0 -12"><span class='ocrx_word' id='word_1_207' title='bbox 99 1448 372 1496; x_wconf 73' lang='lat' dir='ltr'>congregatio</span> <span class='ocrx_word' id='word_1_208' title='bbox 400 1450 437 1483; x_wconf 77' lang='lat' dir='ltr'>in</span> <span class='ocrx_word' id='word_1_209' title='bbox 472 1449 634 1484; x_wconf 78' lang='lat' dir='ltr'>Romana</span> <span class='ocrx_word' id='word_1_210' title='bbox 669 1448 887 1497; x_wconf 79' lang='lat' dir='ltr'>Capellaniae</span> <span class='ocrx_word' id='word_1_211' title='bbox 918 1462 978 1487; x_wconf 67' lang='grc' dir='ltr'>ιι.</span> <span class='ocrx_word' id='word_1_212' title='bbox 997 1448 1097 1496; x_wconf 74' lang='lat' dir='ltr'>Julii</span> <span class='ocrx_word' id='word_1_213' title='bbox 1118 1461 1228 1494; x_wconf 84' lang='lat'>1721.</span> <span class='ocrx_word' id='word_1_214' title='bbox 1259 1476 1269 1487; x_wconf 89' lang='lat'><em>.</em></span> <span class='ocrx_word' id='word_1_215' title='bbox 1315 1447 1406 1486; x_wconf 88' lang='lat' dir='ltr'>Nec</span> 
     </span>
     <span class='ocr_line' id='line_1_28' title="bbox 99 1498 1408 1548; baseline -0.001 -10"><span class='ocrx_word' id='word_1_216' title='bbox 99 1499 227 1538; x_wconf 76' lang='lat' dir='ltr'>obeffe</span> <span class='ocrx_word' id='word_1_217' title='bbox 245 1500 308 1537; x_wconf 86' lang='lat' dir='ltr'>vel</span> <span class='ocrx_word' id='word_1_218' title='bbox 325 1498 429 1548; x_wconf 88' lang='lat' dir='ltr'>quod</span> <span class='ocrx_word' id='word_1_219' title='bbox 450 1499 652 1536; x_wconf 87' lang='lat' dir='ltr'>Fundator</span> <span class='ocrx_word' id='word_1_220' title='bbox 668 1498 794 1538; x_wconf 85' lang='lat' dir='ltr'>fuerit</span> <span class='ocrx_word' id='word_1_221' title='bbox 812 1500 1006 1538; x_wconf 84' lang='lat' dir='ltr'>Sacerdos</span> <span class='ocrx_word' id='word_1_222' title='bbox 1027 1525 1039 1543; x_wconf 89' lang='lat'>,</span> <span class='ocrx_word' id='word_1_223' title='bbox 1057 1501 1122 1538; x_wconf 91' lang='lat' dir='ltr'>vel</span> <span class='ocrx_word' id='word_1_224' title='bbox 1141 1499 1245 1548; x_wconf 83' lang='lat' dir='ltr'>quod</span> <span class='ocrx_word' id='word_1_225' title='bbox 1264 1499 1408 1538; x_wconf 79' lang='lat' dir='ltr'>Sacer·</span> 
     </span>
     <span class='ocr_line' id='line_1_29' title="bbox 101 1549 1401 1601; baseline -0.001 -11"><span class='ocrx_word' id='word_1_226' title='bbox 101 1553 218 1590; x_wconf 86' lang='lat' dir='ltr'>dotes</span> <span class='ocrx_word' id='word_1_227' title='bbox 258 1550 411 1589; x_wconf 78' lang='lat' dir='ltr'>fuerint</span> <span class='ocrx_word' id='word_1_228' title='bbox 443 1551 564 1599; x_wconf 85' lang='lat' dir='ltr'>primi</span> <span class='ocrx_word' id='word_1_229' title='bbox 602 1549 815 1599; x_wconf 81' lang='lat' dir='ltr'>Capellani</span> <span class='ocrx_word' id='word_1_230' title='bbox 848 1554 894 1589; x_wconf 82' lang='lat' dir='ltr'>ab</span> <span class='ocrx_word' id='word_1_231' title='bbox 921 1565 971 1590; x_wconf 91' lang='lat' dir='ltr'>eo</span> <span class='ocrx_word' id='word_1_232' title='bbox 1001 1551 1202 1591; x_wconf 87' lang='lat' dir='ltr'>nominati</span> <span class='ocrx_word' id='word_1_233' title='bbox 1231 1577 1244 1596; x_wconf 93' lang='lat'>,</span> <span class='ocrx_word' id='word_1_234' title='bbox 1281 1551 1401 1601; x_wconf 81' lang='lat' dir='ltr'>quia..</span> 
     </span>
     <span class='ocr_line' id='line_1_30' title="bbox 102 1602 1407 1653; baseline -0.001 -11"><span class='ocrx_word' id='word_1_235' title='bbox 102 1605 150 1642; x_wconf 84' lang='lat' dir='ltr'>ad</span> <span class='ocrx_word' id='word_1_236' title='bbox 192 1602 495 1647; x_wconf 81' lang='lat' dir='ltr'>dijudicandam</span> <span class='ocrx_word' id='word_1_237' title='bbox 541 1602 871 1651; x_wconf 66' lang='lat' dir='ltr'>Capelianum-um</span> <span class='ocrx_word' id='word_1_238' title='bbox 913 1614 1096 1644; x_wconf 86' lang='lat' dir='ltr'>naturam</span> <span class='ocrx_word' id='word_1_239' title='bbox 1127 1629 1140 1648; x_wconf 89' lang='lat'>‚</span> <span class='ocrx_word' id='word_1_240' title='bbox 1200 1615 1276 1641; x_wconf 90' lang='lat' dir='ltr'>non</span> <span class='ocrx_word' id='word_1_241' title='bbox 1308 1614 1407 1653; x_wconf 83' lang='lat' dir='ltr'>qua-</span> 
     </span>
     <span class='ocr_line' id='line_1_31' title="bbox 102 1654 1409 1707; baseline 0 -14"><span class='ocrx_word' id='word_1_242' title='bbox 102 1657 200 1693; x_wconf 86' lang='lat' dir='ltr'>litas</span> <span class='ocrx_word' id='word_1_243' title='bbox 224 1655 464 1693; x_wconf 79' lang='lat' dir='ltr'>Fundatoris</span> <span class='ocrx_word' id='word_1_244' title='bbox 480 1680 492 1699; x_wconf 88' lang='lat'>‚</span> <span class='ocrx_word' id='word_1_245' title='bbox 520 1666 591 1694; x_wconf 81' lang='lat' dir='ltr'>nec</span> <span class='ocrx_word' id='word_1_246' title='bbox 608 1654 925 1705; x_wconf 76' lang='lat' dir='ltr'>Capellano&#39;rum</span> <span class='ocrx_word' id='word_1_247' title='bbox 943 1681 956 1701; x_wconf 88' lang='lat'>‚</span> <span class='ocrx_word' id='word_1_248' title='bbox 991 1667 1090 1707; x_wconf 87' lang='lat' dir='ltr'>quos</span> <span class='ocrx_word' id='word_1_249' title='bbox 1110 1654 1190 1703; x_wconf 80' lang='lat' dir='ltr'>ipse</span> <span class='ocrx_word' id='word_1_250' title='bbox 1206 1654 1334 1704; x_wconf 85' lang='lat' dir='ltr'>prima</span> <span class='ocrx_word' id='word_1_251' title='bbox 1348 1654 1409 1693; x_wconf 89' lang='lat' dir='ltr'>vi-</span> 
     </span>
     <span class='ocr_line' id='line_1_32' title="bbox 99 1706 1410 1756; baseline 0 -12"><span class='ocrx_word' id='word_1_252' title='bbox 99 1719 144 1745; x_wconf 88' lang='lat' dir='ltr'>ce</span> <span class='ocrx_word' id='word_1_253' title='bbox 171 1706 344 1756; x_wconf 80' lang='lat' dir='ltr'>elegerit</span> <span class='ocrx_word' id='word_1_254' title='bbox 371 1733 383 1751; x_wconf 89' lang='lat'>,</span> <span class='ocrx_word' id='word_1_255' title='bbox 429 1707 494 1746; x_wconf 82' lang='lat' dir='ltr'>sed</span> <span class='ocrx_word' id='word_1_256' title='bbox 522 1709 639 1746; x_wconf 87' lang='lat' dir='ltr'>verba</span> <span class='ocrx_word' id='word_1_257' title='bbox 672 1707 920 1746; x_wconf 77' lang='lat' dir='ltr'>fundationis</span> <span class='ocrx_word' id='word_1_258' title='bbox 956 1709 1072 1747; x_wconf 88' lang='lat' dir='ltr'>unice</span> <span class='ocrx_word' id='word_1_259' title='bbox 1116 1707 1206 1745; x_wconf 90' lang='lat' dir='ltr'>sunt</span> <span class='ocrx_word' id='word_1_260' title='bbox 1239 1717 1410 1755; x_wconf 85' lang='lat' dir='ltr'>perpen-</span> 
     </span>
     <span class='ocr_line' id='line_1_33' title="bbox 106 1758 1409 1809; baseline -0.001 -11"><span class='ocrx_word' id='word_1_261' title='bbox 106 1760 237 1798; x_wconf 83' lang='lat' dir='ltr'>denda</span> <span class='ocrx_word' id='word_1_262' title='bbox 256 1758 653 1808; x_wconf 43' lang='lat' dir='ltr'>FormofinstllegiFise.</span> <span class='ocrx_word' id='word_1_263' title='bbox 664 1774 820 1799; x_wconf 63' lang='lat' dir='ltr'>ionum.</span> <span class='ocrx_word' id='word_1_264' title='bbox 831 1773 844 1797; x_wconf 85' lang='lat'>1</span> <span class='ocrx_word' id='word_1_265' title='bbox 854 1762 943 1798; x_wconf 63' lang='lat' dir='ltr'>mad</span> <span class='ocrx_word' id='word_1_266' title='bbox 953 1774 965 1798; x_wconf 88' lang='lat'>1</span> <span class='ocrx_word' id='word_1_267' title='bbox 977 1769 1095 1809; x_wconf 82' lang='lat' dir='ltr'>2.par.</span> <span class='ocrx_word' id='word_1_268' title='bbox 1109 1759 1409 1809; x_wconf 75' lang='lat' dir='ltr'>2.‚Castil.contr.</span> 
     </span>
     <span class='ocr_line' id='line_1_34' title="bbox 104 1811 1008 1861; baseline 0.002 -12"><span class='ocrx_word' id='word_1_269' title='bbox 104 1811 579 1861; x_wconf 75' lang='lat' dir='ltr'>jur.lib.8.cap.7.num.x4.</span> <span class='ocrx_word' id='word_1_270' title='bbox 984 1817 1008 1834; x_wconf 84' lang='lat'>·&#39;</span> 
     </span>
    </p>

    <p class='ocr_par' dir='ltr' id='par_1_5' title="bbox 56 1863 1415 1966">
     <span class='ocr_line' id='line_1_35' title="bbox 56 1863 1411 1913; baseline -0.001 -11"><span class='ocrx_word' id='word_1_271' title='bbox 56 1864 232 1902; x_wconf 79' lang='lat' dir='ltr'>Postulat</span> <span class='ocrx_word' id='word_1_272' title='bbox 250 1864 417 1902; x_wconf 87' lang='lat' dir='ltr'>demum</span> <span class='ocrx_word' id='word_1_273' title='bbox 436 1864 483 1902; x_wconf 88' lang='lat' dir='ltr'>ad</span> <span class='ocrx_word' id='word_1_274' title='bbox 501 1864 554 1902; x_wconf 90' lang='lat' dir='ltr'>II.</span> <span class='ocrx_word' id='word_1_275' title='bbox 569 1873 642 1908; x_wconf 87' lang='lat' dir='ltr'>,ut</span> <span class='ocrx_word' id='word_1_276' title='bbox 659 1877 803 1904; x_wconf 84' lang='lat' dir='ltr'>vacans</span> <span class='ocrx_word' id='word_1_277' title='bbox 817 1864 1057 1913; x_wconf 87' lang='lat' dir='ltr'>Capellania</span> <span class='ocrx_word' id='word_1_278' title='bbox 1074 1888 1088 1907; x_wconf 74' lang='lat'>,</span> <span class='ocrx_word' id='word_1_279' title='bbox 1103 1863 1170 1901; x_wconf 88' lang='lat' dir='ltr'>fibi</span> <span class='ocrx_word' id='word_1_280' title='bbox 1194 1863 1336 1902; x_wconf 85' lang='lat' dir='ltr'>saltem</span> <span class='ocrx_word' id='word_1_281' title='bbox 1364 1874 1411 1902; x_wconf 77' lang='lat' dir='ltr'>ex</span> 
     </span>
     <span class='ocr_line' id='line_1_36' title="bbox 101 1914 1415 1966; baseline -0.002 -12"><span class='ocrx_word' id='word_1_282' title='bbox 101 1917 232 1966; x_wconf 86' lang='lat' dir='ltr'>gratia</span> <span class='ocrx_word' id='word_1_283' title='bbox 247 1916 514 1960; x_wconf 86' lang='lat' dir='ltr'>concedatur,</span> <span class='ocrx_word' id='word_1_284' title='bbox 531 1917 659 1955; x_wconf 90' lang='lat' dir='ltr'>donec</span> <span class='ocrx_word' id='word_1_285' title='bbox 678 1918 824 1966; x_wconf 84' lang='lat' dir='ltr'>aliquis</span> <span class='ocrx_word' id='word_1_286' title='bbox 844 1916 1104 1965; x_wconf 77' lang='lat' dir='ltr'>superveniat</span> <span class='ocrx_word' id='word_1_287' title='bbox 1123 1927 1169 1955; x_wconf 86' lang='lat' dir='ltr'>ex</span> <span class='ocrx_word' id='word_1_288' title='bbox 1187 1915 1265 1955; x_wconf 87' lang='lat' dir='ltr'>suis</span> <span class='ocrx_word' id='word_1_289' title='bbox 1289 1914 1385 1953; x_wconf 83' lang='lat' dir='ltr'>filiis</span> <span class='ocrx_word' id='word_1_290' title='bbox 1401 1938 1415 1958; x_wconf 88' lang='lat'><strong>,</strong></span> 
     </span>
    </p>

    <p class='ocr_par' dir='ltr' id='par_1_6' title="bbox 109 1967 1419 2378">
     <span class='ocr_line' id='line_1_37' title="bbox 115 1967 1419 2018; baseline -0.001 -12"><span class='ocrx_word' id='word_1_291' title='bbox 115 1968 182 2017; x_wconf 91' lang='lat' dir='ltr'>qui</span> <span class='ocrx_word' id='word_1_292' title='bbox 210 1979 330 2016; x_wconf 79' lang='lat' dir='ltr'>capax</span> <span class='ocrx_word' id='word_1_293' title='bbox 345 1969 391 2007; x_wconf 87' lang='lat' dir='ltr'>fit</span> <span class='ocrx_word' id='word_1_294' title='bbox 418 1981 507 2008; x_wconf 87' lang='lat' dir='ltr'>earn</span> <span class='ocrx_word' id='word_1_295' title='bbox 527 1967 788 2018; x_wconf 78' lang='lat' dir='ltr'>assequendi,</span> <span class='ocrx_word' id='word_1_296' title='bbox 820 1968 1003 2017; x_wconf 86' lang='lat' dir='ltr'>impletis</span> <span class='ocrx_word' id='word_1_297' title='bbox 1020 1968 1190 2006; x_wconf 86' lang='lat' dir='ltr'>interim</span> <span class='ocrx_word' id='word_1_298' title='bbox 1208 1979 1276 2016; x_wconf 86' lang='lat' dir='ltr'>per</span> <span class='ocrx_word' id='word_1_299' title='bbox 1291 1967 1419 2005; x_wconf 80' lang='lat' dir='ltr'>alium</span> 
     </span>
     <span class='ocr_line' id='line_1_38' title="bbox 112 2018 1414 2068; baseline -0.001 -11"><span class='ocrx_word' id='word_1_300' title='bbox 112 2020 296 2059; x_wconf 86' lang='lat' dir='ltr'>oneribus</span> <span class='ocrx_word' id='word_1_301' title='bbox 326 2019 532 2060; x_wconf 85' lang='lat' dir='ltr'>Missarum</span> <span class='ocrx_word' id='word_1_302' title='bbox 551 2050 560 2058; x_wconf 97' lang='lat'>.</span> <span class='ocrx_word' id='word_1_303' title='bbox 590 2019 787 2060; x_wconf 85' lang='lat' dir='ltr'>Advertit</span> <span class='ocrx_word' id='word_1_304' title='bbox 815 2021 1069 2060; x_wconf 86' lang='lat' dir='ltr'>Testatorem</span> <span class='ocrx_word' id='word_1_305' title='bbox 1098 2019 1136 2057; x_wconf 89' lang='lat' dir='ltr'>in</span> <span class='ocrx_word' id='word_1_306' title='bbox 1158 2018 1414 2068; x_wconf 84' lang='lat' dir='ltr'>Capellania-</span> 
     </span>
     <span class='ocr_line' id='line_1_39' title="bbox 113 2071 1406 2120; baseline 0 -12"><span class='ocrx_word' id='word_1_307' title='bbox 113 2083 200 2109; x_wconf 85' lang='lat' dir='ltr'>rum</span> <span class='ocrx_word' id='word_1_308' title='bbox 214 2073 415 2111; x_wconf 66' lang='lat' dir='ltr'>erectione</span> <span class='ocrx_word' id='word_1_309' title='bbox 453 2073 627 2112; x_wconf 83' lang='lat' dir='ltr'>maxime</span> <span class='ocrx_word' id='word_1_310' title='bbox 644 2072 851 2120; x_wconf 74' lang='lat' dir='ltr'>respexisse</span> <span class='ocrx_word' id='word_1_311' title='bbox 863 2072 1079 2112; x_wconf 89' lang='lat' dir='ltr'>comodum</span> <span class='ocrx_word' id='word_1_312' title='bbox 1096 2095 1108 2114; x_wconf 86' lang='lat'><strong>‚</strong></span> <span class='ocrx_word' id='word_1_313' title='bbox 1138 2073 1176 2112; x_wconf 63' lang='grc' dir='ltr'>ὃς</span> <span class='ocrx_word' id='word_1_314' title='bbox 1193 2071 1406 2110; x_wconf 78' lang='lat' dir='ltr'>subsidium</span> 
     </span>
     <span class='ocr_line' id='line_1_40' title="bbox 109 2121 1413 2175; baseline 0.001 -16"><span class='ocrx_word' id='word_1_315' title='bbox 109 2121 441 2163; x_wconf 84' lang='lat' dir='ltr'>descendentium</span> <span class='ocrx_word' id='word_1_316' title='bbox 459 2138 479 2164; x_wconf 87' lang='lat' dir='ltr'>a</span> <span class='ocrx_word' id='word_1_317' title='bbox 496 2125 666 2174; x_wconf 85' lang='lat' dir='ltr'>Josepho</span> <span class='ocrx_word' id='word_1_318' title='bbox 684 2125 845 2175; x_wconf 89' lang='lat' dir='ltr'>Cerqua</span> <span class='ocrx_word' id='word_1_319' title='bbox 865 2154 874 2164; x_wconf 89' lang='lat'><strong>.</strong></span> <span class='ocrx_word' id='word_1_320' title='bbox 906 2124 1053 2163; x_wconf 89' lang='lat' dir='ltr'>Probat</span> <span class='ocrx_word' id='word_1_321' title='bbox 1072 2150 1084 2168; x_wconf 95' lang='lat'>,</span> <span class='ocrx_word' id='word_1_322' title='bbox 1103 2124 1229 2172; x_wconf 82' lang='lat' dir='ltr'>ipsum</span> <span class='ocrx_word' id='word_1_323' title='bbox 1242 2123 1413 2163; x_wconf 84' lang='lat' dir='ltr'>descen-</span> 
     </span>
     <span class='ocr_line' id='line_1_41' title="bbox 109 2175 1410 2226; baseline 0.003 -16"><span class='ocrx_word' id='word_1_324' title='bbox 109 2175 276 2214; x_wconf 81' lang='lat' dir='ltr'>dentem</span> <span class='ocrx_word' id='word_1_325' title='bbox 294 2175 369 2215; x_wconf 76' lang='lat' dir='ltr'>effe</span> <span class='ocrx_word' id='word_1_326' title='bbox 383 2202 396 2221; x_wconf 82' lang='lat'><em>‚</em></span> <span class='ocrx_word' id='word_1_327' title='bbox 425 2190 470 2216; x_wconf 83' lang='lat' dir='ltr'>ac</span> <span class='ocrx_word' id='word_1_328' title='bbox 489 2177 813 2226; x_wconf 85' lang='lat' dir='ltr'>Compatronum</span> <span class='ocrx_word' id='word_1_329' title='bbox 829 2203 841 2221; x_wconf 82' lang='lat'>‚</span> <span class='ocrx_word' id='word_1_330' title='bbox 872 2190 945 2216; x_wconf 89' lang='lat' dir='ltr'>nec</span> <span class='ocrx_word' id='word_1_331' title='bbox 965 2188 1044 2214; x_wconf 88' lang='lat' dir='ltr'>non</span> <span class='ocrx_word' id='word_1_332' title='bbox 1062 2178 1109 2214; x_wconf 89' lang='lat' dir='ltr'>ab</span> <span class='ocrx_word' id='word_1_333' title='bbox 1126 2176 1216 2215; x_wconf 88' lang='lat' dir='ltr'>aliis</span> <span class='ocrx_word' id='word_1_334' title='bbox 1232 2175 1410 2224; x_wconf 83' lang='lat' dir='ltr'>Compa-</span> 
     </span>
     <span class='ocr_line' id='line_1_42' title="bbox 112 2226 1409 2279; baseline 0.002 -18"><span class='ocrx_word' id='word_1_335' title='bbox 112 2226 236 2263; x_wconf 83' lang='lat' dir='ltr'>tronis</span> <span class='ocrx_word' id='word_1_336' title='bbox 262 2227 515 2266; x_wconf 85' lang='lat' dir='ltr'>nominatum</span> <span class='ocrx_word' id='word_1_337' title='bbox 545 2253 562 2272; x_wconf 68' lang='lat' dir='ltr'>a.</span> <span class='ocrx_word' id='word_1_338' title='bbox 590 2241 806 2279; x_wconf 86' lang='lat' dir='ltr'>pauperem</span> <span class='ocrx_word' id='word_1_339' title='bbox 833 2241 994 2279; x_wconf 88' lang='lat' dir='ltr'>quoque</span> <span class='ocrx_word' id='word_1_340' title='bbox 1018 2227 1241 2267; x_wconf 87' lang='lat' dir='ltr'>secundum</span> <span class='ocrx_word' id='word_1_341' title='bbox 1264 2227 1409 2266; x_wconf 69' lang='lat' dir='ltr'>suurn..-</span> 
     </span>
     <span class='ocr_line' id='line_1_43' title="bbox 109 2276 1409 2329; baseline 0.003 -17"><span class='ocrx_word' id='word_1_342' title='bbox 109 2276 275 2324; x_wconf 80' lang='lat' dir='ltr'>gradum</span> <span class='ocrx_word' id='word_1_343' title='bbox 293 2302 305 2320; x_wconf 85' lang='lat'>‚</span> <span class='ocrx_word' id='word_1_344' title='bbox 323 2280 360 2317; x_wconf 69' lang='lat'>8&lt;</span> <span class='ocrx_word' id='word_1_345' title='bbox 377 2279 657 2318; x_wconf 87' lang='lat' dir='ltr'>conditionem</span> <span class='ocrx_word' id='word_1_346' title='bbox 674 2306 687 2324; x_wconf 86' lang='lat'><strong>‚</strong></span> <span class='ocrx_word' id='word_1_347' title='bbox 702 2280 807 2319; x_wconf 88' lang='lat' dir='ltr'>unde</span> <span class='ocrx_word' id='word_1_348' title='bbox 822 2281 901 2319; x_wconf 87' lang='lat' dir='ltr'>five</span> <span class='ocrx_word' id='word_1_349' title='bbox 917 2279 1095 2326; x_wconf 60' lang='lat' dir='ltr'>justitiae,</span> <span class='ocrx_word' id='word_1_350' title='bbox 1109 2281 1192 2318; x_wconf 85' lang='lat' dir='ltr'>sive-</span> <span class='ocrx_word' id='word_1_351' title='bbox 1209 2279 1409 2329; x_wconf 67' lang='lat' dir='ltr'>:equitatis</span> 
     </span>
     <span class='ocr_line' id='line_1_44' title="bbox 113 2328 1198 2378; baseline 0.006 -15"><span class='ocrx_word' id='word_1_352' title='bbox 113 2328 239 2364; x_wconf 86' lang='lat' dir='ltr'>titulo</span> <span class='ocrx_word' id='word_1_353' title='bbox 257 2329 428 2371; x_wconf 81' lang='lat' dir='ltr'>petitam</span> <span class='ocrx_word' id='word_1_354' title='bbox 445 2330 616 2378; x_wconf 86' lang='lat' dir='ltr'>gratiam</span> <span class='ocrx_word' id='word_1_355' title='bbox 628 2332 696 2368; x_wconf 90' lang='lat' dir='ltr'>fibi</span> <span class='ocrx_word' id='word_1_356' title='bbox 715 2343 793 2369; x_wconf 88' lang='lat' dir='ltr'>non</span> <span class='ocrx_word' id='word_1_357' title='bbox 810 2330 886 2371; x_wconf 82' lang='lat' dir='ltr'>effe</span> <span class='ocrx_word' id='word_1_358' title='bbox 906 2330 1198 2378; x_wconf 83' lang='lat' dir='ltr'>denegandam.</span> 
     </span>
    </p>

    <p class='ocr_par' dir='ltr' id='par_1_7' title="bbox 58 2379 1409 2584">
     <span class='ocr_line' id='line_1_45' title="bbox 58 2379 1409 2429; baseline -0.001 -12"><span class='ocrx_word' id='word_1_359' title='bbox 58 2380 403 2419; x_wconf 81' lang='lat' dir='ltr'>Eniiucutiffimus</span> <span class='ocrx_word' id='word_1_360' title='bbox 423 2381 640 2429; x_wconf 83' lang='lat' dir='ltr'>Episcopus</span> <span class='ocrx_word' id='word_1_361' title='bbox 667 2382 873 2422; x_wconf 81' lang='lat' dir='ltr'>rationum.</span> <span class='ocrx_word' id='word_1_362' title='bbox 885 2391 1093 2422; x_wconf 80' lang='lat' dir='ltr'>momenta</span> <span class='ocrx_word' id='word_1_363' title='bbox 1107 2382 1199 2421; x_wconf 88' lang='lat' dir='ltr'>hinc</span> <span class='ocrx_word' id='word_1_364' title='bbox 1217 2381 1310 2419; x_wconf 89' lang='lat' dir='ltr'>inde</span> <span class='ocrx_word' id='word_1_365' title='bbox 1329 2379 1409 2416; x_wconf 68' lang='lat' dir='ltr'>mi-</span> 
     </span>
     <span class='ocr_line' id='line_1_46' title="bbox 103 2431 1402 2484; baseline 0 -16"><span class='ocrx_word' id='word_1_366' title='bbox 103 2431 268 2469; x_wconf 75' lang='lat' dir='ltr'>litantia</span> <span class='ocrx_word' id='word_1_367' title='bbox 286 2431 542 2471; x_wconf 77' lang='lat' dir='ltr'>disertissime</span> <span class='ocrx_word' id='word_1_368' title='bbox 560 2433 746 2479; x_wconf 74' lang='lat' dir='ltr'>exponit,</span> <span class='ocrx_word' id='word_1_369' title='bbox 774 2443 1015 2484; x_wconf 85' lang='lat' dir='ltr'>maturoque</span> <span class='ocrx_word' id='word_1_370' title='bbox 1047 2433 1203 2480; x_wconf 86' lang='lat' dir='ltr'>judicio</span> <span class='ocrx_word' id='word_1_371' title='bbox 1219 2437 1402 2481; x_wconf 63' lang='lat' dir='ltr'>{perpen-</span> 
     </span>
     <span class='ocr_line' id='line_1_47' title="bbox 105 2483 1404 2534; baseline 0.002 -16"><span class='ocrx_word' id='word_1_372' title='bbox 105 2483 164 2520; x_wconf 75' lang='lat' dir='ltr'>dit</span> <span class='ocrx_word' id='word_1_373' title='bbox 185 2509 196 2526; x_wconf 85' lang='lat'>‚</span> <span class='ocrx_word' id='word_1_374' title='bbox 228 2484 264 2522; x_wconf 57' lang='grc' dir='ltr'>ἅτ</span> <span class='ocrx_word' id='word_1_375' title='bbox 283 2483 536 2533; x_wconf 79' lang='lat' dir='ltr'>quaestionem</span> <span class='ocrx_word' id='word_1_376' title='bbox 553 2496 716 2524; x_wconf 81' lang='lat' dir='ltr'>omnem</span> <span class='ocrx_word' id='word_1_377' title='bbox 731 2486 1017 2534; x_wconf 81' lang='lat' dir='ltr'>sapientissimo</span> <span class='ocrx_word' id='word_1_378' title='bbox 1034 2484 1112 2525; x_wconf 78' lang='grc' dir='ltr'>ΕΒ.</span> <span class='ocrx_word' id='word_1_379' title='bbox 1128 2483 1205 2523; x_wconf 86' lang='grc' dir='ltr'>ΡΡ.</span> <span class='ocrx_word' id='word_1_380' title='bbox 1235 2484 1404 2522; x_wconf 85' lang='lat' dir='ltr'>oraculo</span> 
     </span>
     <span class='ocr_line' id='line_1_48' title="bbox 102 2534 621 2584; baseline 0.002 -12"><span class='ocrx_word' id='word_1_381' title='bbox 102 2534 371 2574; x_wconf 80' lang='lat' dir='ltr'>definiendam</span> <span class='ocrx_word' id='word_1_382' title='bbox 393 2535 588 2584; x_wconf 86' lang='lat' dir='ltr'>relinquit</span> <span class='ocrx_word' id='word_1_383' title='bbox 611 2563 621 2573; x_wconf 85' lang='lat'><strong>.</strong></span> 
     </span>
    </p>

    <p class='ocr_par' dir='ltr' id='par_1_8' title="bbox 20 2584 1412 2731">
     <span class='ocr_line' id='line_1_49' title="bbox 20 2584 1399 2643; baseline 0.001 -20"><span class='ocrx_word' id='word_1_384' title='bbox 20 2584 21 2643; x_wconf 64' lang='lat' dir='ltr'>l</span> <span class='ocrx_word' id='word_1_385' title='bbox 44 2588 288 2632; x_wconf 77' lang='lat' dir='ltr'>proponitur</span> <span class='ocrx_word' id='word_1_386' title='bbox 320 2587 561 2633; x_wconf 60' lang='lat' dir='ltr'>inpraesenti</span> <span class='ocrx_word' id='word_1_387' title='bbox 581 2585 707 2626; x_wconf 89' lang='lat' dir='ltr'>Causa</span> <span class='ocrx_word' id='word_1_388' title='bbox 725 2593 934 2639; x_wconf 87' lang='lat' dir='ltr'>tamquam</span> <span class='ocrx_word' id='word_1_389' title='bbox 952 2587 1265 2627; x_wconf 87' lang='lat' dir='ltr'>fundamentum</span> <span class='ocrx_word' id='word_1_390' title='bbox 1290 2586 1399 2636; x_wconf 87' lang='lat' dir='ltr'>peti-</span> 
     </span>
     <span class='ocr_line' id='line_1_50' title="bbox 20 2637 1396 2688; baseline 0.005 -15"><span class='ocrx_word' id='word_1_391' title='bbox 20 2647 21 2650; x_wconf 51' lang='lat'><em>*</em></span> <span class='ocrx_word' id='word_1_392' title='bbox 92 2639 217 2678; x_wconf 80' lang='lat' dir='ltr'>tionis</span> <span class='ocrx_word' id='word_1_393' title='bbox 239 2639 393 2679; x_wconf 66' lang='lat' dir='ltr'>indoles</span> <span class='ocrx_word' id='word_1_394' title='bbox 417 2637 663 2688; x_wconf 69' lang='lat' dir='ltr'>Capellaniae</span> <span class='ocrx_word' id='word_1_395' title='bbox 691 2638 864 2678; x_wconf 84' lang='lat' dir='ltr'>Laicalis</span> <span class='ocrx_word' id='word_1_396' title='bbox 893 2668 906 2680; x_wconf 86' lang='lat'><strong>.</strong></span> <span class='ocrx_word' id='word_1_397' title='bbox 936 2640 1026 2679; x_wconf 88' lang='lat' dir='ltr'>Hoc</span> <span class='ocrx_word' id='word_1_398' title='bbox 1057 2637 1302 2688; x_wconf 71' lang='lat' dir='ltr'>praecipuum</span> <span class='ocrx_word' id='word_1_399' title='bbox 1332 2638 1396 2676; x_wconf 72' lang='lat' dir='ltr'>in-</span> 
     </span>
     <span class='ocr_line' id='line_1_51' title="bbox 21 2691 1412 2731; baseline -0.003 0"><span class='ocrx_word' id='word_1_400' title='bbox 21 2691 22 2731; x_wconf 83' lang='lat' dir='ltr'>l</span> <span class='ocrx_word' id='word_1_401' title='bbox 1330 2698 1412 2730; x_wconf 70' lang='lat' dir='ltr'>ter-</span> 
     </span>
    </p>
   </div>
   <div class='ocr_carea' id='block_1_2' title="bbox 21 2741 25 2935">
    <p class='ocr_par' dir='ltr' id='par_1_9' title="bbox 21 2741 25 2935">
     <span class='ocr_line' id='line_1_52' title="bbox 21 2741 24 2840; baseline 0 0"><span class='ocrx_word' id='word_1_402' title='bbox 21 2741 24 2840; x_wconf 80' lang='lat' dir='ltr'>l</span> 
     </span>
     <span class='ocr_line' id='line_1_53' title="bbox 23 2846 25 2935; baseline 0 0"><span class='ocrx_word' id='word_1_403' title='bbox 23 2846 25 2935; x_wconf 84' lang='lat' dir='ltr'>l</span> 
     </span>
    </p>
   </div>
  </div>
 </body>
</html>
