1865 2935
75 207 102 237 S.
119 209 161 235 M.
178 205 347 237 Benedictus
367 205 443 235 XIV.
472 203 636 235 facultatem
667 206 769 237 tribuit

74 247 175 276 iisdem
188 245 337 284 Religiosis
354 265 364 279 ,
392 244 437 274 vel
452 244 505 273 iter
518 246 701 281 habentibus,
721 246 766 275 vel

74 286 256 316 manentibus
273 287 302 315 in
329 284 394 314 loco
406 304 416 319 ,
438 284 486 314 ubi
502 283 605 320 inullus
622 285 654 315 fit
668 296 765 316 eorum

76 329 246 356 Conventus
259 346 268 361 ‚
298 324 421 363 eligendi
437 335 489 362 pro
505 323 590 354 libito
614 326 766 355 Confeffa.

76 368 150 396 rium
163 385 174 402 ,
198 367 350 405 quit-amen
359 363 390 393 fit
405 364 441 393 ab
458 363 617 395 Ordinatio
630 366 769 404 approba-

76 416 122 436 tus
140 427 146 435 .
164 416 229 445 pag.
243 409 307 434 118.
320 406 387 436 §.In
398 404 488 432 literis
501 424 509 432 .

39 448 131 476 Casus
142 445 170 475 in
186 445 374 474 transaffionc
386 442 522 481 expreffus
533 444 606 474 trahi
615 456 673 475 non
682 445 773 485 potest

77 486 111 516 ad
126 485 211 515 alium
230 486 324 515 casum
339 494 397 513 non
414 482 566 522 express'um
595 506 603 514 .
621 495 686 524 pag.
701 495 767 522 135.

80 530 102 559 ο.
117 526 220 554 Addit.

39 565 207 596 Celebratio
224 563 310 594 Miss'ae
324 574 338 595 a
355 563 504 595 Testatore
517 564 686 595 demandata
702 586 712 601 ,
729 577 765 596 an

77 609 104 635 «Sc
114 604 226 644 quando
238 606 371 644 importet
383 603 600 642 applicationem
613 626 620 634 .
639 615 703 644 pag.
716 615 752 641 9⁷-
761 627 769 635 .

81 650 106 681 §-
120 646 218 680 Idem,
237 652 270 675 εςῖ
278 645 351 684 seqq.
368 665 378 680 ‚
402 654 466 683 pag.
475 654 524 682 94.
545 648 570 678 §.
589 649 689 677 contra
704 665 716 682 ‚
738 647 767 676 &

75 696 137 726 pag.
150 694 198 720 95.
216 689 239 718 Φ.
254 685 389 722 Scitiffime
400 705 408 712 .

117 729 185 755 Eam
203 735 260 753 non
277 725 410 762 importat
425 743 436 758 ,
459 723 478 752 fi
499 724 653 755 celebratio
675 724 771 761 injun-

79 767 122 795 &a
138 765 223 795 fuerit
242 775 292 802 pro
316 763 469 794 commodo
500 764 603 803 Populi
622 785 631 795 .
646 775 711 805 pag.
721 775 771 801 9²·

84 811 107 839 §-
119 807 196 834 Idem
208 824 218 839 ‚
243 803 335 842 &seq-

120 848 183 875 Nec
214 843 231 872 fi
266 843 371 875 fuerint
408 842 464 874 alia
491 854 580 876 onera
607 845 768 884 Capeliano

80 884 235 924 praescripta
252 904 259 911 .
276 885 415 922 pag.ead.
434 889 459 918 §5-
474 886 597 913 Suadere
613 906 621 915 .

38 925 204 963 Chirurgiis
221 943 230 958 ,
254 925 281 952 &
294 923 415 952 Medicis
434 924 640 962 deponentibus
660 925 695 955 de
707 936 770 963 per·

80 974 163 1005 petua
173 984 183 999 ‚
204 965 231 993 8<
244 962 375 992 absoluta
388 964 559 1002 impotentia
579 965 723 1003 desumpta
735 975 769 995 ex

79 1004 154 1034 mala
169 1003 294 1041 corporis
310 1002 478 1034 habitudine
495 1024 505 1039 ‚
534 1006 560 1032 St
575 1005 604 1033 vi
616 1005 722 1041 morbi,
735 1005 771 1034 fi-

79 1046 127 1074 des
144 1044 182 1074 est
194 1043 353 1072 adhibenda
368 1064 375 1072 .
391 1053 457 1082 pag.
475 1047 521 1080 84.
543 1048 567 1077 ὁ.
578 1045 688 1083 Ambigi
699 1065 707 1073 .

40 1085 180 1124 Chirurgi
193 1082 325 1113 relationi
335 1084 425 1123 magis
437 1084 605 1113 credendum
622 1083 674 1120 est,
683 1094 768 1123 quam

82 1126 213 1165 opinioni
231 1122 426 1155 Obstetricum
451 1144 461 1153 .
489 1133 555 1164 pag.
574 1133 640 1160 133.
657 1127 681 1157 o.
696 1125 769 1153 Nul-

80 1168 136 1195 lam
148 1187 155 1194 .

43 1207 176 1238 Clericus
185 1205 278 1246 quoad
292 1203 524 1243 irregularitatem
535 1225 543 1234 .
568 1205 633 1235 Vid.
655 1207 769 1244 Irregu-

80 1248 195 1276 laruas.

40 1286 267 1319 Cistercienfium
287 1284 438 1327 privilegia
455 1286 549 1327 quoad
565 1285 765 1318 solutionem-i

79 1329 254 1357 decimarum
266 1337 325 1366 quae
343 1326 393 1355 sint
406 1347 416 1362 ,
444 1330 472 1358 &
485 1327 631 1367 quomodo
642 1327 765 1356 debeant

80 1366 203 1407 intelligi
219 1387 227 1395 .
252 1377 316 1406 pag.
338 1376 403 1403 157.
430 1373 456 1403 9.
482 1370 679 1407 perperamque
694 1388 705 1403 ,
736 1369 765 1397 &

76 1419 140 1448 pag.
152 1417 218 1437 227.
235 1409 259 1439 Φ.
270 1406 477 1443 Observandum
488 1428 498 1444 ‚
525 1409 629 1448 &sem

42 1447 270 1478 circumstantiae
283 1446 433 1484 plurimum
460 1447 613 1478 conferunt
629 1448 663 1476 ad
681 1448 766 1477 inter-

82 1487 242 1528 pretandam
256 1485 443 1516 verosimilem
461 1497 584 1517 mentem
601 1487 769 1517 Testatoris.

76 1538 142 1568 pag.
155 1537 198 1562 ¹9·
215 1533 239 1558 9.
250 1528 389 1554 Fundam
401 1547 408 1554 .

121 1567 242 1596 Suadent
251 1585 261 1600 ‚
285 1575 315 1594 ut
327 1564 433 1604 aliquid
443 1566 477 1595 de
489 1568 583 1606 rigore
594 1569 663 1604 juris
672 1577 771 1606 quam-

79 1608 172 1646 doque
188 1614 347 1634 remittatur
360 1626 367 1633 .
384 1615 449 1644 pag.
466 1616 512 1642 ²5·
541 1612 565 1641 β.
577 1609 620 1635 Ad
628 1609 697 1636 baec.

42 1648 168 1678 Civibus
177 1644 304 1674 relietum
322 1644 443 1683 legatum
453 1647 494 1674 eis
503 1657 617 1686 quoque
629 1647 746 1677 debetur
758 1668 768 1683 ,

80 1689 128 1727 qui
155 1684 326 1715 civilitatem
365 1684 569 1724 acquifiverunt
596 1707 604 1715 .
640 1697 704 1725 pag.
724 1690 770 1716 18.

80 1730 106 1760 ᾧ.
116 1729 189 1755 Nam
199 1726 229 1763 st
235 1747 241 1753 .

46 1766 182 1797 Civilitas
192 1766 324 1804 acquisita
336 1765 441 1795 sufficit
461 1766 494 1794 ad
510 1766 772 1798 consecutionem-2

85 1806 167 1846 legati
192 1806 304 1835 civibus
328 1805 417 1834 relicti
430 1827 437 1834 .
457 1816 523 1844 pag.
539 1811 582 1836 18.
610 1810 633 1840 §-
648 1808 774 1843 Namfi.

50 1846 175 1886 Cognati
201 1867 209 1874 .
233 1845 358 1885 Qando
382 1847 510 1884 generice
542 1847 637 1876 vocati
666 1847 773 1875 fuerint

86 1886 216 1926 Agnati,
238 1889 264 1914 &
297 1886 425 1925 Cognati
443 1906 453 1920 ‚
476 1888 570 1915 vocati
587 1888 680 1926 primo
706 1886 771 1917 loco

85 1928 232 1955 censentur
256 1944 266 1960 ‚
294 1925 342 1964 qui
366 1925 467 1963 gradus
492 1929 672 1967 prerogativa
697 1947 707 1963 ,
744 1929 772 1955 δε

88 1965 310 2004 proximioritate
331 1964 440 2003 pollent
456 1986 464 1993 .
489 1976 555 2005 pag.
580 1973 646 2004 165,
667 1970 692 2000 §-
706 1971 775 1998 Con·-

91 2014 135 2034 tra
151 2027 158 2035 .

127 2047 197 2075 Non
226 2045 343 2075 veniunt
353 2046 470 2075 nominc
486 2047 610 2077 Familiae
624 2069 631 2077 .
639 2056 774 2087 pag-127.

96 2089 118 2119 5-
135 2086 234 2115 Addit.

56 2125 201 2164 Cognatio
226 2135 259 2154 ex
278 2125 429 2164 adoptione
450 2126 593 2157 inducitur
619 2148 628 2157 .
644 2137 710 2168 pag.
729 2138 774 2165 34.

97 2168 120 2197 §.
138 2165 258 2200 Affirmnt
268 2186 275 2194 .

55 2202 287 2233 cohabitationis
314 2205 459 2236 triennalis
488 2209 680 2246 experimento
696 2207 775 2239 locus

95 2241 151 2276 est,
172 2243 282 2280 quando
294 2245 460 2282 impotentia
477 2248 509 2276 fit
519 2248 607 2278 dubia
618 2269 629 2284 ‚
651 2258 709 2278 non
726 2258 777 2277 ve-

95 2280 129 2310 ro
137 2282 245 2319 quando
257 2283 288 2311 sit
298 2282 491 2315 verosimiliter
502 2288 618 2317 evidens
636 2309 644 2317 .
654 2298 720 2327 pag.
729 2290 778 2323 85.

94 2324 120 2354 9.
134 2323 190 2348 Nec
201 2321 278 2359 obrſj}³
291 2343 299 2351 .

137 2360 182 2388 De
195 2359 248 2404 boc
264 2363 451 2405 experimento
467 2367 534 2404 quid
551 2368 626 2396 Sacri
638 2369 775 2397 Canones

96 2400 328 2445 proeicrvpserint,.
346 2411 410 2441 pag.
423 2408 468 2433 86.
485 2410 508 2438 §-
520 2408 565 2434 De
581 2408 775 2445 experimento-

55 2439 187 2469 Collatio
200 2440 332 2476 Baptilmi
347 2442 477 2477 probatur
497 2445 580 2474 etiam
598 2456 647 2483 per
659 2448 774 2475 unicum

98 2478 214 2508 Testem
232 2498 241 2513 ‚
273 2480 410 2516 praecipue
426 2481 444 2508 fi
458 2483 491 2510 de
506 2484 581 2513 fafto
595 2486 707 2524 proprio
725 2485 775 2514 de-

92 2529 181 2557 ponat
202 2539 212 2554 ‚
239 2528 290 2546 nec
308 2519 458 2557 quidquam
475 2522 530 2556 sit,
555 2525 629 2562 quod
659 2526 718 2561 ejus
733 2524 779 2553 di-

93 2558 233 2636 stisfidem
246 2558 397 2588 imminuat
409 2580 416 2588 .
434 2570 497 2599 pag.
509 2570 556 2598 45.
573 2566 596 2594 ὑ.
608 2564 754 2608 Quamvis
764 2583 776 2598 ,

94 2605 130 2629 θ’
150 2610 190 2635 eq.

54 2638 188 2668 Comitia
197 2638 354 2669 convocari
364 2638 467 2669 debent
478 2639 574 2677 previa
587 2641 786 2671 denunciatio=

94 2688 131 2707 nc
145 2689 192 2717 per
200 2680 274 2709 diem
288 2688 354 2710 ante
370 2679 498 2710 facienda
519 2702 525 2710 .
542 2691 686 2722 pag-104.
702 2685 726 2715 ς).
739 2682 782 2710 Ad

93 2720 121 2748 J.
134 2717 275 2758 respiciens
287 2741 296 2750 .

811 150 841 192 E
891 154 926 191 X
1470 175 1538 213 ‚77

891 204 964 237 Fieri
983 205 1078 243 potius
1093 205 1173 237 decet
1189 205 1220 237 in
1237 206 1335 238 Domo
1351 209 1476 241 Ecclesiae
1489 217 1551 245 ad-

848 255 939 282 nexa,
958 254 1007 274 aut
1032 247 1062 276 in
1086 247 1186 276 Domo
1211 246 1330 284 alicujus
1355 251 1512 288 Superioris
1533 272 1545 289 ‚

848 296 932 325 quam
954 286 985 315 in
1009 286 1069 325 ipsa
1084 285 1228 323 Ecclesia,
1258 287 1304 318 vel
1324 288 1355 316 in
1379 292 1548 324 Oratorio.

842 334 908 364 pag.
922 329 967 361 89.
985 328 1010 358 §-
1027 326 1082 364 Post
1097 328 1164 356 haec.

811 365 943 395 Concilii
953 364 995 393 lex
1012 367 1149 397 servanda
1160 366 1200 396 est
1215 369 1246 399 in
1260 368 1458 400 Matrimoniis
1469 382 1538 403 con.

848 405 994 435 trahendis
1007 426 1014 433 .
1031 416 1097 445 pag.
1108 417 1156 444 74.
1176 412 1200 441 ᾗ.
1218 411 1330 448 Negant
1344 429 1352 437 .

893 445 1040 483 Exemptio
1049 446 1085 474 ab
1100 446 1264 482 hujusmodi
1279 448 1341 489 lege
1359 459 1418 478 non
1434 449 1473 478 est
1482 461 1546 489 per-

852 483 958 514 sonalis
973 505 984 520 ‚
1007 495 1066 523 quae
1076 487 1229 517 comitetur
1238 490 1386 526 personam
1399 509 1410 525 ,
1424 490 1472 519 sed
1483 501 1546 520 rea·

850 523 883 553 lis
896 545 906 560 ‚
933 523 1096 563 quaelocum
1115 537 1174 555 non
1191 529 1320 557 excedit.
1342 529 1415 557 Ibid.

808 564 1026 593 Concubinatui
1043 584 1053 599 ‚
1086 567 1113 593 ὃ(
1128 566 1316 596 fornicationi
1327 578 1415 607 poena
1431 569 1544 611 irregu-

852 602 971 672 laritati}
999 613 1015 631 a
1035 605 1096 640 jure
1111 615 1171 635 non
1193 605 1233 635 est
1251 607 1376 636 infliCta.
1390 617 1456 647 pag.
1476 614 1543 646 138,

849 647 951 677 §.Era
981 653 1006 673 1.

811 684 976 716 Concursus
988 684 1132 728 praecisam
1144 686 1267 715 formam
1294 686 1399 717 indixit
1419 687 1541 720 Concil-

851 725 933 754 Trid.
944 725 1053 762 festa-4.
1065 729 1176 763 cap.18.
1190 726 1226 755 de
1238 727 1367 758 Reform.
1380 733 1542 766 ,pagaoo'a

851 767 876 797 9.
886 766 1024 803 Beneficia
1034 785 1043 793 .

889 805 969 845 Qid
1000 804 1052 836 hac
1064 805 1098 834 de
1127 815 1157 835 re
1187 807 1296 837 Summi
1308 808 1492 844 Pontifices,
1511 810 1542 839 Sc

848 844 1087 922 S.ffCoiigregatio
1099 844 1274 877 decreverint
1289 868 1296 877 .
1312 857 1378 887 pag.
1389 850 1541 881 ead.§.At-

849 895 877 912 ce
896 893 917 912 tt
928 905 936 913 .

812 924 956 954 Condicio
985 925 1012 955 in
1026 935 1080 955 una
1099 925 1300 957 substitutione
1312 927 1432 967 expressa
1444 948 1456 964 ‚
1480 938 1541 958 non

851 963 940 993 afficit
955 967 1088 1003 personas
1111 967 1141 994 in
1158 965 1213 994 alia
1229 967 1428 997 substitutione
1445 977 1543 999 non...

848 1005 1064 1042 comprehensas
1075 1026 1084 1033 .
1103 1014 1168 1044 pag.
1181 1013 1191 1032 1
1200 1015 1249 1038 70-
1268 1010 1292 1039 ο.
1305 1007 1402 1034 Addit.

888 1045 1045 1074 Praesertim
1063 1045 1113 1073 ubi
1126 1053 1275 1074 concurrat
1284 1053 1342 1073 tum
1360 1046 1472 1083 generis
1482 1066 1494 1082 ‚
1504 1057 1542 1080 ao

849 1085 1032 1121 personarum
1053 1083 1196 1114 diverfitas
1211 1104 1222 1119 ‚
1245 1093 1306 1114 tum
1333 1085 1420 1114 etiam
1444 1087 1539 1122 major

848 1122 1011 1155 dilectionis
1020 1126 1103 1154 causa
1115 1145 1123 1153 .
1147 1124 1220 1152 Ibid.

810 1163 1022 1196 conditionata
1037 1164 1175 1203 Baptismi
1200 1164 1295 1193 forma
1317 1163 1430 1204 quando
1445 1166 1539 1204 coepic

849 1205 975 1246 usurpari
987 1226 996 1236 .
1016 1216 1082 1244 pag.
1093 1214 1141 1241 44.
1155 1207 1179 1237 ᾗ.
1192 1204 1324 1243 Baptysmi
1337 1225 1344 1233 .

884 1246 926 1276 Ut
937 1247 996 1277 haec
1007 1245 1100 1275 forma
1111 1243 1278 1274 adhibeatur
1285 1255 1343 1273 non
1352 1243 1459 1274 sufficit
1466 1255 1540 1284 quae·

844 1285 890 1315 vis
905 1287 1054 1321 dubietas,
1081 1284 1128 1313 sed
1145 1293 1296 1313 concurrat
1314 1294 1426 1321 oportet
1448 1285 1535 1314 dubi-

845 1328 918 1357 tatio
928 1326 1047 1366 prudens
1061 1344 1071 1361 ‚
1102 1333 1187 1364 atque
1201 1322 1357 1363 probabilis
1373 1345 1381 1352 .
1391 1333 1458 1362 pag.
1473 1324 1540 1352 ead.

848 1371 873 1400 ὑ.
889 1371 992 1397 Verum
1004 1387 1012 1395 .

888 1408 975 1448 quue
999 1403 1125 1445 expresse
1149 1402 1279 1434 statuitur
1299 1403 1329 1433 in
1347 1402 1539 1440 Catechismo

851 1451 986 1480 Romano
999 1468 1006 1476 .
1030 1447 1103 1475 Ibid.

888 1493 922 1518 Et
938 1487 1034 1517 statuit
1049 1486 1145 1515 Divus
1163 1484 1286 1515 Carolus
1305 1483 1335 1514 in
1350 1483 1408 1512 suis
1425 1480 1539 1511 Institu-

849 1529 977 1558 tionibus
994 1527 1057 1554 Aer.
1071 1525 1177 1553 Eccles.
1192 1522 1348 1552 Mediolan.
1371 1523 1444 1552 [bid.

890 1571 954 1598 Nec
967 1575 1025 1595 non
1044 1564 1177 1593 statutum
1194 1573 1305 1602 quoque
1321 1563 1457 1602 reperitur
1474 1561 1543 1592 ἰπὶ-ω’

848 1607 978 1648 pluribus
994 1604 1130 1642 synodis.
1153 1603 1226 1633 Ibid.

889 1648 967 1676 Hinc
983 1642 1180 1682 vituperabilis
1192 1641 1231 1671 est
1239 1643 1416 1672 consuetudo
1433 1642 1538 1671 iterum

850 1689 890 1718 ob
906 1686 1030 1725 aliquam
1056 1683 1153 1711 laevem
1179 1679 1353 1708 dubietatem
1378 1680 1541 1716 baptizandi

851 1728 980 1758 Infantes
996 1724 1031 1753 ab
1043 1719 1242 1751 obstetricibus
1256 1717 1343 1748 semel
1356 1719 1515 1758 baptizatos
1525 1739 1537 1750 .

848 1776 971 1808 pag.45.
991 1769 1015 1799 55.
1028 1763 1114 1791 Hinc.
1267 1799 1274 1805 ι

893 1805 1084 1842 Eamdemque
1106 1800 1344 1830 consuetudinem
1367 1799 1542 1838 improbavit

852 1849 939 1878 etiam
958 1847 984 1874 S.
999 1847 1040 1873 M.
1050 1841 1218 1871 Benedictus
1234 1841 1310 1870 xlv.
1327 1839 1359 1868 in
1372 1849 1455 1878 opere
1471 1838 1544 1873 dv,

854 1886 958 1921 Svnod.
970 1883 1093 1913 Diaeces.
1102 1881 1175 1909 Ibid.

815 1923 1016 1960 Confeffiones
1034 1921 1172 1951 Fidelium
1188 1920 1280 1951 nullus
1305 1919 1437 1950 Sacerdos
1450 1920 1545 1948 ἰίνυ·

853 1966 997 1998 Saecularis
1010 1963 1058 1998 fit,
1068 1962 1124 1990 five
1137 1960 1288 2000 Regularis
1298 1961 1429 1998 excipere
1442 1957 1547 1997 potest,

855 2007 906 2037 nifi
922 2005 1008 2036 fuerit
1020 2013 1036 2031 a
1050 2003 1103 2030 suo
1113 2002 1257 2038 Superiore
1268 2021 1279 2037 ,
1304 1999 1351 2030 vel
1373 2000 1409 2029 ab
1425 1999 1545 2038 Episco-

855 2059 893 2088 po
909 2045 979 2076 adid
995 2052 1097 2074 munus
1113 2041 1281 2080 approbatus
1297 2062 1304 2070 .
1319 2050 1368 2080 pa.
1380 2049 1445 2068 112..
1461 2038 1547 2072 §.Ad-

856 2090 1049 2158 dltdrdinarii
1062 2123 1294 2164 approbationem
1310 2119 1432 2150 sollicite
1453 2116 1547 2156 requi-

857 2167 920 2198 fivit
941 2165 1109 2198 Concilium
1136 2163 1340 2194 Tridentinum
1361 2182 1368 2190 ·
1385 2170 1451 2199 pag·
1481 2164 1547 2186 111-

857 2212 882 2241 ᾗ.
902 2209 938 2236 Et
949 2208 1037 2247 primo
1053 2227 1061 2234 .
1382 2240 1389 2246 ·

818 2248 1015 2279 Confirmatio
1027 2243 1232 2274 Archidiaconi
1252 2241 1478 2280 jurisdiffionem
1500 2236 1550 2265 ha-

858 2288 952 2318 bentis
967 2288 1001 2316 de
1017 2288 1078 2324 jure
1092 2284 1247 2323 requiritur
1259 2303 1266 2311 .
1289 2288 1424 2319 pag-120·
1441 2281 1466 2309 §-
1482 2279 1550 2305 ΕΜ·

860 2329 950 2357 tendit
961 2347 969 2355 .

898 2367 969 2395 Fieri
987 2365 1070 2394 debet
1084 2365 1121 2393 ab
1138 2362 1278 2400 Episcopo
1294 2379 1305 2395 ‚
1328 2358 1375 2386 cui
1398 2354 1546 2386 Archidizt·

855 2403 1117 2437 conusimmediate
1132 2400 1225 2430 subest
1237 2421 1244 2428 .
1267 2399 1340 2427 [bid.

895 2445 977 2474 Alias
993 2443 1083 2472 elesto
1096 2439 1204 2471 nullum
1218 2442 1259 2474 jus
1272 2437 1311 2466 est
1335 2435 1487 2466 exercendi
1500 2435 1547 2464 ad«

856 2484 1106 2517 ministrationem,
1117 2489 1151 2508 ne
1163 2479 1215 2508 sub
1230 2479 1325 2517 specie
1338 2476 1454 2517 quidem
1463 2476 1548 2506 AEco·

861 2533 993 2553 nomatus
1010 2543 1017 2550 .
1045 2522 1119 2550 [bid.

820 2563 992 2594 Confratres
1019 2562 1048 2590 in
1067 2559 1194 2599 legitima
1219 2556 1381 2599 poss‘effione
1402 2555 1555 2600 existentes

868 2600 1120 2631 administrationis
1145 2600 1284 2629 bonorum
1295 2598 1448 2628 societatis
1468 2615 1479 2631 ‚
1497 2604 1551 2637 epl-

865 2641 894 2672 ci
906 2642 941 2670 ab
957 2642 1095 2679 Episcopo
1107 2650 1163 2669 non
1174 2638 1283 2678 possunt
1293 2659 1301 2668 .
1325 2648 1391 2678 pag.
1405 2648 1431 2673 ς.
1445 2639 1470 2669 §-
1482 2635 1551 2662 Hmc

866 2682 904 2711 acl
920 2683 964 2709 II.

904 2724 938 2752 Et
947 2721 1149 2754 manutenendi
1156 2721 1230 2792 suntZ
1232 2720 1261 2751 in
1273 2711 1556 2783 peffeffione'qumlti:
