1914 2935
97 141 196 194 -Seffi
219 154 371 195 24.cap.
407 156 436 183 ι.

108 203 152 239 de
165 201 323 245 Refbrm.

535 91 583 135 78
1019 93 1080 127 29.
1101 76 1208 128 Juhu·
1229 78 1343 123 1769.

479 139 494 160 ·'
540 134 852 178 *AURiNEN
888 130 1255 172 MATiuMoNu
1275 160 1284 169 .
1317 125 1610 167 Contendente
1641 123 1758 162 Anna
1773 120 1860 158 Ma·

592 196 649 230 ria
682 189 855 237 Czffimlli
887 187 1116 224 Parochum
1145 181 1367 221 §.Thomae
1400 178 1598 218 Civitatis
1632 174 1855 214 Taurinen.

533 257 610 284 non
627 241 740 282 fuisse
754 240 961 289 proprium
983 238 1307 286 Pa1·oclnim‚quo
1328 245 1514 279 tempore
1540 226 1855 271 Matrimonium

532 296 736 336 contraxit
755 293 820 331 die
842 305 874 334 5.
896 290 1099 328 l-ehruarii
1127 301 1239 335 1751.
1265 299 1356 326 cum
1375 287 1437 335 7⁰·
1472 284 1640 320 Antonio
1669 280 1823 328 Peyrmii
1840 303 1852 322 ‚

530 350 662 399 gravis
695 348 741 384 ab
756 343 998 383 eainstituta
1031 342 1110 380 tuit
1141 339 1300 390 quaestio
1327 339 1438 385 super
1472 336 1581 374 illius
1609 333 1855 371 validitate.

531 400 656 440 Vario
687 406 817 436 marte
849 395 1046 445 pugnavit
1080 393 1254 441 primum
1285 393 1321 429 in
1350 383 1854 432 Curia-Archiepiscopali

530 452 782 494 Taurinen.,‚
813 448 906 488 dein
926 448 962 486 in
979 445 1102 496 gradu
1123 444 1410 493 appellationis
1428 453 1474 480 ex
1500 437 1735 488 Apostolico
1766 436 1855 474 Bre-

530 506 571 544 vi
592 507 628 544 in
662 501 785 542 Curia
813 500 1041 550 Episcopali
1074 497 1351 538 Vei-cellensi.
1384 496 1458 533 Illa
1489 493 1595 532 cuim
1619 488 1857 537 proval-idi-

527 567 614 597 tate
634 553 891 594 Matrimonii
912 551 1156 591 sententiam
1177 551 1293 590 tulit,
1309 557 1451 587 contra
1469 558 1566 584 vero
1583 547 1661 582 haec
1679 542 1849 587 primam

529 609 785 650 Sententiam
823 604 1052 644 revocando
1096 629 1110 648 ,‚
1163 603 1326 640 irritum
1375 596 1658 649 pronunciavit
1703 593 1854 637 Matri-

528 662 712 701 monium
731 688 741 698 .

476 715 534 755 Re
551 714 718 754 tandem
735 712 784 752 ad
804 713 966 751 Sacram
996 706 1374 755 Congregationem
1405 703 1543 742 delata
1558 727 1570 746 a
1602 709 1695 738 cum
1719 697 1853 748 quaefi-

528 776 618 806 tum
635 766 758 804 fuerit
774 766 846 803 An
863 763 989 813 constet
1018 764 1062 800 de
1077 759 1250 798 nullitate
1276 758 1511 796 flammivomi
1529 781 1541 799 ,
1573 752 1641 791 die
1672 765 1686 790 1
1700 764 1732 789 2.
1766 749 1849 788 De-

529 820 658 858 cemb.
680 824 790 864 1767.
825 815 1054 862 responsum
1088 811 1240 859 prodiit
1269 812 1492 858 ngadva.
1527 805 1678 846 Videre
1699 802 1852 852 praestat

527 871 676 911 solium
708 871 821 908 illius
836 868 917 907 diei
937 893 948 912 ‚
981 879 1059 915 quo
1090 865 1176 902 late
1198 861 1296 901 fasti
1318 861 1469 911 species
1501 860 1694 898 habetur.
1726 852 1846 893 Nunc

525 934 664 964 autem
696 923 857 972 Joauues
884 920 1076 957 Antonius
1102 917 1260 964 Peymui
1283 939 1296 957 ‚
1325 915 1494 954 obtenta
1528 911 1647 953 venia
1695 908 1846 945 iterum

526 974 804 1025 propugnandi
825 973 1005 1017 ejusdem
1021 968 1201 1016 conjugii
1227 966 1464 1008 nullitatem
1481 992 1495 1010 0
1528 962 1663 1014 inquit
1680 987 1692 1006 ,
1727 958 1850 997 Paro-

525 1031 650 1067 chum
669 1027 706 1066 S.
727 1025 893 1067 Thomae
922 1022 1109 1062 neutrius
1132 1019 1425 1059 contrahentis
1446 1028 1586 1056 verum
1622 1013 1846 1052 Parochum

528 1079 643 1121 fuisse
662 1092 672 1117 2
690 1092 766 1117 non
789 1078 943 1126 ‘Joanm's
959 1075 1149 1116 Antonii,
1169 1071 1262 1122 quia
1280 1072 1311 1109 is
1330 1071 1486 1119 semper
1508 1069 1552 1107 in
1585 1067 1759 1106 Paterna
1779 1062 1855 1100 do-

528 1146 597 1170 mo
614 1133 680 1170 sub
697 1130 893 1168 Parochia
919 1128 954 1165 S.
976 1125 1117 1164 Mariae
1147 1124 1197 1162 de
1219 1124 1362 1163 Platea
1382 1131 1563 1162 moratus
1578 1119 1741 1158 fuerat:
1772 1128 1851 1154 non

525 1187 651 1225 Annae
672 1184 803 1223 Mzriae
820 1209 831 1226 ‚
850 1192 972 1232 quum
992 1182 1071 1218 haec
1086 1179 1169 1222 jam
1184 1179 1305 1226 usque
1322 1178 1342 1214 a
1361 1175 1497 1214 mense
1520 1172 1849 1221 Septemb.1750.

525 1236 786 1278 domicilium
803 1227 1070 1273 constituilset
1086 1231 1123 1268 in
1141 1229 1313 1270 Paraecia
1333 1228 1401 1267 SSa
1419 1227 1556 1277 jacobi
1576 1252 1587 1270 ,
1606 1226 1643 1264 Sc
1673 1220 1853 1269 Philippi

525 1290 605 1329 PP.
627 1287 1039 1337 Augustinianorum:
1063 1282 1375 1322 Matrimonium
1397 1280 1550 1319 idcirco
1586 1277 1735 1316 initum
1755 1285 1853 1320 prse-

525 1343 641 1382 sente
658 1342 842 1380 Parocho
865 1339 900 1376 S.
920 1337 1089 1376 Thomte
1109 1359 1120 1379 ‚
1149 1335 1199 1372 ob
1231 1346 1308 1372 non
1330 1334 1531 1372 servatam
1561 1328 1742 1369 Concilii
1760 1325 1856 1365 Tri-

525 1394 687 1437 dentini
705 1391 878 1430 formam
897 1417 911 1436 ,
931 1391 1089 1430 nullum
1105 1387 1262 1437 prorsus
1279 1410 1294 1431 ‚
1325 1385 1545 1428 &irritum
1577 1378 1854 1429 fuiffeseffi24.

527 1457 605 1497 cap.
623 1462 659 1486 ⁴1.
677 1449 722 1483 de
738 1445 820 1493 Refi
1457 1457 1459 1459 v
1638 1455 1642 1459 .

471 1499 567 1540 Nec
582 1497 839 1547 obeffe‚quod
856 1498 971 1534 Anna
991 1496 1116 1532 Maria
1133 1492 1329 1533 recedens
1355 1499 1452 1530 ante
1468 1485 1784 1530 Matrimonium
1800 1494 1847 1532 a„

518 1561 708 1593 materna
725 1550 848 1588 domo
866 1574 878 1594 ‚
910 1548 949 1586 se
979 1548 1017 1585 se
1035 1546 1249 1594 recepisset
1281 1544 1321 1581 in
1338 1544 1494 1582 avitam
1522 1544 1589 1581 sub
1624 1536 1853 1578 parochia.)

524 1604 563 1643 S.
584 1603 784 1642 Thomae:
817 1609 941 1649 negat
956 1598 1065 1638 enim
1083 1598 1121 1635 in
1143 1596 1285 1646 primis
1314 1593 1513 1634 accessum
1542 1594 1668 1631 Annae
1694 1590 1745 1629 ad
1768 1587 1857 1627 avi-

524 1665 609 1694 tam
656 1655 839 1693 Domum
883 1664 893 1689 t
947 1651 1127 1692 advertit
1171 1660 1325 1686 moram
1367 1648 1420 1685 ihi
1465 1648 1612 1685 habere
1657 1656 1736 1692 non
1781 1652 1855 1688 po-

524 1704 644 1746 tuisse
660 1731 675 1750 .‚
705 1717 828 1754 quam
866 1715 937 1750 per
981 1713 1129 1749 paucos
1170 1699 1257 1738 dies
1288 1707 1382 1737 ante
1408 1699 1648 1746 conjugium
1679 1693 1852 1742 absque.)

523 1759 662 1797 animo
680 1754 889 1795 deserendi
907 1753 1075 1790 domum
1093 1761 1349 1790 maternam:
1378 1752 1567 1789 eamdem
1598 1745 1766 1788 demum
1783 1748 1855 1783 ha-

527 1809 771 1848 bitationem
784 1819 836 1846 -ex
851 1805 1042 1851 condicto
1060 1804 1240 1842 habitam
1257 1800 1374 1840 fuiffe
1390 1802 1438 1840 ad
1455 1797 1851 1840 fraudandamParae-

528 1862 635 1902 ciam
651 1860 716 1899 SS.
733 1858 869 1908 Jacobi
886 1884 898 1902 ‚
929 1859 966 1896 Sc
987 1856 1166 1903 Philippi
1186 1867 1195 1893 :
1215 1855 1414 1893 Fraudem
1433 1867 1531 1893 vero
1548 1880 1560 1898 ‚
1581 1861 1850 1900 mutuamque

528 1911 881 1953 machinationem
899 1911 1066 1958 probare
1084 1909 1233 1946 nititur
1251 1916 1427 1958 quatuor
1447 1906 1630 1945 'festibus
1648 1901 1854 1944 examina-

526 1965 585 2005 tis
602 1990 614 2010 ,
633 1976 804 2015 quorum
820 1963 899 2002 duo
917 1975 938 2001 a
955 1960 1177 2001 Defensore
1194 1959 1456 1998 Matrimonii
1475 1957 1657 2006 producti
1672 1954 1854 1994 fuerunn·
1895 1949 1905 1959 ⁴

531 2029 705 2066 eamque
735 2015 865 2053 rursus
891 2013 1030 2052 educit
1060 2025 1104 2051 ex
1124 2014 1246 2058 justa,
1273 2013 1310 2051 ἃ
1343 2013 1504 2060 urgenti
1538 2011 1656 2049 causa
1693 2005 1851 2047 vitandi

532 2068 772 2109 Parochiam
788 2067 855 2105 SS.
874 2065 1011 2115 jacobi
1028 2091 1040 2109 ‚
1072 2065 1109 2103 Sc
1130 2064 1340 2112 Philippi,
1359 2064 1451 2113 quia
1470 2063 1662 2102 nimirum
1691 2060 1746 2099 ibi
1767 2069 1858 2096 mo·

531 2123 695 2161 sabatur
708 2119 879 2158 Patruus
908 2118 971 2167 Jo.
988 2119 1151 2156 Ancunii
1166 2142 1179 2160 ‚
1205 2128 1252 2155 ex
1273 2115 1583 2154 habitationem
1600 2112 1720 2155 avita
1730 2112 1855 2150 domo

527 2173 679 2224 ,absque
698 2173 780 2210 ulla
798 2170 1014 2209 mobilium
1032 2169 1305 2206 translatione
1324 2191 1336 2209 ‚
1357 2179 1402 2207 ex
1422 2164 1594 2215 regressu
1624 2165 1672 2204 ad
1706 2172 1858 2211 mater-

535 2237 628 2264 nam
644 2224 810 2264 domum
827 2221 992 2271 fingulis
1013 2220 1194 2258 noc‘tihus
1213 2245 1225 2263 ‚
1241 2231 1286 2258 ex
1305 2217 1530 2256 affiduahic
1552 2226 1713 2257 retenta
1745 2213 1859 2253 habi-

534 2278 697 2317 tatione
714 2286 803 2314 tum
833 2274 971 2321 inipso
989 2272 1152 2320 praeciso
1180 2271 1247 2310 die
1268 2270 1360 2309 initi
1380 2270 1559 2319 conjugii
1579 2297 1589 2315 ‚
1621 2266 1855 2316 tumposte·

531 2329 634 2370 sio-ri
651 2338 837 2375 tempore
854 2350 867 2370 ‚
898 2327 935 2366 Sc
954 2326 1120 2364 demum
1136 2336 1182 2364 ex
1199 2323 1404 2375 qualitate
1437 2324 1600 2363 testium
1621 2347 1633 2367 ‚
1667 2320 1736 2373 qui
1765 2319 1856 2358 Ma-

533 2378 1050 2425 2trimoui0interfuerunt.

487 2427 711 2474 Concludit
739 2433 849 2476 hinc,
868 2429 1163 2470 habitationem
1180 2429 1217 2468 in
1235 2428 1345 2468 avita
1361 2428 1500 2473 domo,
1517 2437 1793 2479 quaecumque.
1813 2435 1861 2460 ea

539 2484 668 2525 fuerit
684 2485 749 2524 vel
768 2484 829 2523 uti
850 2485 1029 2532 ineptam
1047 2482 1095 2520 ad
1118 2495 1138 2521 a
1172 2481 1384 2521 uirendum
1403 2477 1774 2524 domiciliumgssvei
1796 2474 1858 2512 uti

538 2536 844 2578 fraudolentam
871 2536 1066 2583 imparem
1096 2547 1122 2574 e
1155 2548 1176 2574 e
1201 2534 1249 2573 ad
1276 2533 1539 2576 Matrimonii
1565 2528 1828 2577 validitatem
1847 2554 1858 2562 .

542 2588 751 2628 Momenti
782 2601 855 2628 nec
883 2587 1018 2646 ‘etiam
1035 2585 1113 2627 esse
1132 2613 1145 2632 ,
1179 2586 1285 2637 quod
1308 2581 1424 2625 Anna'
1436 2589 1563 2624 Maria
1595 2585 1643 2624 ad
1664 2575 1854 2622 ¹mensem

546 2640 666 2690 usque
682 2642 891 2690 Sept-anni
913 2653 1025 2685 1750·
1050 2649 1207 2681 morata
1222 2638 1348 2679 fuerit
1367 2640 1404 2677 in
1423 2639 1598 2680 Paraecia
1614 2637 1651 2675 S.
1669 2636 1855 2676 Thomae5

1793 2702 1858 2729 re-
