1865 2935
573 165 631 199 ις.
650 159 863 198 Decembris
881 171 993 208 1770.
1361 179 1433 219 283

166 200 515 244 EOCASTREN.
548 206 727 248 MlssAE
758 210 866 251 PRO
899 212 1124 255 POPULO
1145 244 1156 256 .
1194 219 1430 265 Parochiali
1474 234 1572 285 Seff:
1590 249 1648 282 23.
1666 249 1740 295 cap·
1774 259 1807 285 Γ

179 252 360 292 Ecclesiae
391 257 430 294 S.
449 258 587 299 Maria:
609 260 834 302 Catholicae
853 291 864 310 ,
890 278 975 315 quae
998 267 1148 307 Matrix
1171 272 1281 310 estin
1301 276 1433 324 Oppi·
1473 290 1519 328 de
1532 289 1690 341 Reform,
1793 276 1808 295 ⁸

101 302 152 339 do
171 303 312 341 Maida:
343 332 354 350 ,
388 315 470 346 tres
496 311 666 355 presunt
696 314 866 355 Parochi
896 342 909 362 ‚
936 319 1058 357 alteri
1090 332 1188 360 vero
1215 322 1420 368 Parochiae
1686 340 1692 345 ’

104 354 142 391 S.
164 353 326 394 Nicolai
344 357 393 396 de
414 359 569 400 Latinis
588 363 812 406 inserviunt
843 369 916 406 alii
933 379 1106 420 quatuor
1124 372 1328 419 parochi,
1343 390 1429 418 om-

100 407 248 456 nesque
279 409 317 446 in
337 419 510 462 utraque
528 414 705 456 Ecclesia
723 426 934 471 tamquam
953 422 1039 461 veri
1056 423 1233 464 Parochi
1253 426 1429 470 Anima-

98 469 191 494 rum
212 458 360 498 Curam
393 462 561 502 alternis
579 468 841 510 hebdomadis
861 483 1083 520 exercent,
1115 476 1172 516 ita
1191 486 1330 519 tamen
1346 507 1360 526 ‚
1378 489 1427 523 ut

98 510 210 553 juxta
228 513 388 551 casuum
404 516 704 567 contingentias
743 524 918 573 quilibet
935 525 1139 568 Parochiae
1159 532 1418 573 neceffitati-

98 562 170 598 bus
196 575 409 605 occurrere
433 575 622 610 teneatur
652 603 662 610 .
689 573 728 613 A
746 583 931 624 tempore
967 589 1106 619 autem
1125 607 1137 627 ‚
1169 585 1284 629 cujus
1302 585 1415 625 initii

97 616 294 654 memoria
313 630 389 656 non
406 628 519 660 extat
534 647 546 667 ‚
574 626 866 668 consueverunt
882 629 1053 671 Parochi
1083 646 1202 673 unam
1229 635 1419 677 Missam-³

97 675 173 711 pro
190 665 356 714 Populo}
374 671 536 722 singulis
553 675 693 717 diebus
712 691 781 726 per
801 689 967 723 turnum
997 684 1036 723 in
1069 698 1309 738 unaquaque
1341 690 1418 730 Ec-

99 717 217 755 clefia
232 721 433 767 applicare
451 738 459 762 :
489 725 697 778 Postquam
714 734 928 773 verbanno
947 749 1059 786 1744.
1093 739 1249 786 prodiit
1262 741 1416 782 notiffi-

94 778 164 806 ma
183 768 427 814 Constitutio
456 778 536 817 sau.
554 792 677 821 mem.
700 783 906 825 Benediffl
928 786 1044 828 XIV.
1066 792 1302 840 Cumsemper
1315 794 1415 833 obla-

97 829 150 856 τις
168 846 180 866 ,
212 821 370 863 Missam
401 828 675 873 parochialem
704 835 752 874 ad
782 837 868 877 dies
894 839 1171 887 'Dominicos‚
1199 844 1413 895 aliosque,

92 870 210 911 festos
235 874 286 915 de
300 888 503 930 praecepto
518 909 531 929 ‚
558 887 670 931 juxta
687 888 931 931 sententiam
964 902 1061 933 tunc
1077 897 1275 946 temporis
1293 897 1413 937 Neo·-

93 925 294 965 castrenfis
309 929 526 983 Episcopi,
541 950 731 979 coercere
746 943 1023 985 existimarunt
1037 975 1049 987 .

36 973 197 1031 ,Verum
216 983 423 1023 occasione
439 987 566 1028 Sacrae
584 991 840 1033 visitationis
860 998 1041 1045 praedicti
1056 1000 1228 1041 Parochi
1247 1014 1268 1042 a
1286 1000 1412 1042 Vica-

89 1039 153 1064 rio
168 1028 401 1075 Apostolico
430 1041 640 1083 petierunt
664 1045 861 1086 declarari
892 1075 906 1094 ‚
932 1062 982 1088 an
1012 1054 1134 1093 unico
1153 1054 1191 1093 iu
1211 1059 1403 1104 ’unaqua-

90 1090 170 1127 que
186 1080 356 1123 Ecclefia
372 1090 508 1128 oblato
526 1094 1000 1140 sacrificiossatisfaftum
1017 1103 1129 1144 foret
1146 1108 1261 1146 oneri
1277 1107 1327 1144 iis
1343 1106 1409 1144 in-

86 1130 228 1175 juncto
252 1159 265 1177 ‚
306 1137 443 1184 quibus
474 1142 716 1184 Animarum
743 1148 850 1187 Cura
879 1153 1086 1191 commissa
1117 1159 1170 1192 est
1199 1187 1209 1194 .
1236 1156 1410 1197 Censuit

89 1178 275 1222 Vicarius
296 1187 549 1235 Apostolicus
569 1209 586 1234 a
606 1200 793 1243 propositi
811 1200 921 1239 dubii
938 1202 1218 1246 declaratione
1236 1207 1408 1247 abstine-

88 1244 133 1270 re
151 1258 163 1277 ,
195 1234 376 1288 illudque
406 1242 573 1292 sapienti
611 1248 686 1287 EE.
707 1250 796 1290 VV.
811 1252 967 1295 judicio
991 1255 1266 1297 definiendum
1285 1259 1408 1298 remi-

86 1285 135 1323 fit
149 1313 158 1322 .
177 1286 285 1326 Dum
300 1301 437 1331 autem
456 1295 506 1334 de
526 1311 574 1337 eo
591 1303 842 1349 quaerebatur
860 1305 898 1341 iu
916 1306 1244 1358 Congregatione
1266 1311 1349 1350 diei
1366 1326 1404 1358 7.

88 1337 208 1386 elapfi
235 1344 372 1381 mensis
387 1346 609 1394 Julii‚illud
624 1352 750 1391 etiam
767 1354 806 1393 in
824 1358 1078 1404 quaestionem
1096 1360 1316 1401 deducstum
1332 1365 1406 1409 est,

84 1401 133 1427 an
151 1389 517 1438 iidemAnimarum
536 1402 726 1443 Restm-es
743 1407 811 1446 suo
825 1410 940 1448 oneri
958 1410 1233 1460 adimplerent
1250 1427 1321 1464 per
1334 1428 1400 1466 ap-

83 1440 353 1489 plicationem
374 1449 672 1505 Sacrificihquae
687 1457 757 1496 etfi
776 1467 871 1498 ante
887 1460 1400 1508 Benedxie‘tinamConstitu-

84 1494 243 1534 tionem
259 1498 421 1548 lingulis
453 1503 590 1544 diebus
619 1506 704 1547 fieri
721 1511 1004 1560 consuevisset,
1034 1516 1300 1558 nihilominus
1316 1521 1399 1568 post

84 1546 124 1585 d.
153 1546 493 1593 Constitutionem
520 1558 568 1596 ad
586 1558 671 1598 dies
705 1569 867 1601 tantum
894 1563 1009 1604 festos
1040 1566 1172 1609 fuerat
1186 1572 1396 1612 coercita:

82 1596 344 1648 Qapropter
373 1605 497 1646 dilata
525 1609 694 1651 alterius
723 1612 832 1652 dubii
858 1618 1105 1660 resolutione
1123 1646 1136 1666 ‚
1176 1621 1396 1663 demanda-

81 1658 172 1689 tum
188 1650 267 1692 fuit
287 1678 298 1697 ‚
315 1663 360 1693 ut
375 1668 711 1708 repr-oponeretur
724 1666 854 1713 causa,
871 1667 1013 1708 addito
1026 1672 1156 1712 aitero
1170 1673 1397 1725 dubio,quo

82 1703 358 1752 inquireretur
375 1710 497 1748 etiam
515 1737 526 1757 ‚
556 1715 853 1764 quibus-diebus
883 1720 980 1761 disti
995 1721 1169 1765 Parochi
1195 1726 1242 1766 ad
1262 1728 1396 1777 appli-

86 1756 290 1796 cationem
307 1759 430 1800 Miffae
449 1770 686 1807 tenerentur
703 1799 714 1809 .

30 1809 95 1849 De
111 1816 283 1859 utroque
312 1813 476 1859 proinde
503 1817 622 1857 dubio
650 1821 843 1864 hodierna
872 1826 939 1867 die
955 1831 1154 1879 agendum
1172 1832 1225 1871 est
1241 1855 1255 1876 2
1278 1842 1323 1870 ac
1341 1830 1393 1872 de

82 1860 213 1908 primo
228 1862 390 1911 quidem
414 1868 654 1916 respiciente
671 1875 991 1924 applicationem
1006 1882 1215 1922 Miffarum
1246 1885 1293 1923 ab
1309 1896 1390 1922 uuo

83 1920 244 1950 tantum
273 1926 318 1953 ex
336 1915 525 1957 Parochis
558 1934 626 1971 per
648 1933 838 1972 turnum,
868 1931 933 1970 scu
965 1934 1099 1981 potius
1128 1935 1325 1984 afingulis
1351 1934 1394 1974 in

86 1975 324 2014 unaquaque
344 1968 518 2010 Ecclefia
549 1986 618 2020 pro
637 1975 792 2025 Populo
820 1980 1121 2030 adimplendam
1137 2009 1150 2028 ‚
1181 1986 1316 2025 habita
1332 1996 1396 2025 ra-

83 2013 145 2051 tio
161 2014 240 2053 fuit
258 2017 297 2054 in
319 2018 421 2058 folio
435 2022 643 2065 distributo
672 2041 742 2078 pro
760 2031 1091 2084 Congregatione
1116 2039 1193 2075 diei
1208 2040 1261 2076 16‘.
1284 2037 1396 2087 Jam'i

87 2070 260 2121 current&
296 2076 404 2115 anni,
438 2078 549 2120 cujus
582 2080 861 2130 resumptione>
882 2087 961 2125 EE.
982 2088 1054 2127 ΡΡ.
1085 2090 1395 2138 deprehendent

81 2116 274 2165 quidquid
292 2132 335 2157 ea
351 2122 465 2170 super
481 2139 521 2166 re
538 2131 880 2177 animadversione
899 2139 1063 2188 dignum
1079 2142 1258 2180 occurrit
1285 2170 1296 2180 .
1329 2142 1394 2181 De

81 2168 213 2223 31ῖέξο
230 2178 366 2225 autem
385 2197 398 2216 ,
423 2180 527 2224 quod
542 2184 720 2223 vertitur
739 2186 844 2226 circa
862 2190 967 2234 dies,
982 2192 1122 2240 quibus
1140 2193 1391 2233 Sacrificium

77 2218 268 2264 applicari
289 2221 431 2263 debeat
446 2252 459 2271 ,
488 2231 689 2278 perspesta
705 2238 786 2280 jam
801 2239 890 2279 sunt
906 2266 918 2285 ,
938 2254 1022 2290 quat
1040 2244 1246 2283 sammem.
1264 2245 1392 2283 Bene-

77 2269 204 2308 distus
222 2269 338 2312 XIV.
364 2278 508 2316 retulit
524 2279 563 2318 in
585 2283 713 2324 relata
738 2287 1041 2330 Constitutione
1075 2295 1392 2344 Cumsemper‚de

77 2321 394 2364 excusationibus
409 2340 429 2365 a
445 2328 632 2371 Parochis
651 2340 816 2384 proponi
833 2341 963 2380 solitis
979 2369 991 2389 ,
1025 2354 1069 2382 ut
1087 2348 1134 2384 ab
1151 2346 1392 2394 applicatio-

76 2372 135 2410 uis
152 2385 273 2411 onere
290 2376 370 2415 sese
389 2380 760 2437 eximerent‚deque
779 2392 956 2437 pluribus
984 2395 1144 2441 S.hujus
1159 2396 1393 2446 congrega-

75 2424 197 2462 tionis
213 2424 391 2466 decretis
411 2430 458 2468 ad
480 2432 518 2471 id
537 2447 614 2472 eos·
632 2441 867 2486 cogentibus
900 2473 910 2481 .
959 2444 1171 2496 Postquam
1199 2449 1302 2486 vero
1325 2446 1391 2486 fu-

72 2476 145 2512 fius
165 2477 245 2514 haec
262 2482 468 2519 enarravit
487 2509 499 2527 ‚
534 2485 762 2531 Apostolica
784 2494 1031 2533 austoritate
1066 2502 1124 2535 ita
1145 2498 1330 2538 definivit
1359 2514 1390 2538 :a

71 2531 155 2567 Alos
171 2538 291 2564 autem
315 2533 363 2566 ad
371 2537 606 2579 praecedentes
632 2543 809 2586 praedifzae
828 2548 1117 2593 Congregationis
1134 2551 1181 2587 Co
1190 2550 1295 2587 ncilii
1324 2565 1401 2595 rer

64 2580 257 2628 solutiones
273 2583 422 2630 nostram
438 2590 731 2637 approssan'onem,
754 2597 797 2637 ὠ·
811 2597 1115 2640 confirmationem
1135 2604 1379 2647 extendimus,

72 2634 115 2674 ὠ·
128 2642 295 2678 quatenus
313 2643 393 2679 opus
401 2636 471 2682 fit,
503 2640 714 2679 aufforicase
727 2646 932 2693 Apostolica
951 2673 964 2691 ‚
992 2653 1124 2688 iterum
1156 2653 1382 2701 praesentium

72 2693 191 2720 tenore
206 2685 425 2722 decernimus
441 2713 453 2730 ,
481 2691 523 2732 ὠ·
539 2693 762 2733 declaramus
779 2722 790 2740 ‚
807 2700 899 2746 quod
911 2699 996 2737 licet
1014 2702 1171 2741 Parachi
1187 2728 1199 2746 ‚
1210 2706 1279 2752 seu
1297 2705 1380 2748 alii,

70 2745 111 2773 ut
129 2734 240 2783 firpra
276 2736 507 2777 A;,12marum
537 2744 668 2782 Curam
695 2748 862 2786 habemas
878 2774 890 2792 ‚
919 2758 1078 2802 congruis
1101 2756 1297 2804 praefinitis
1317 2768 1379 2793 re-

172 2787 464 2828 TomXXXlX.
795 2799 840 2838 M
859 2813 899 2838 m
1318 2807 1375 2841 di»
