1865 2935
621 162 682 198 16.
701 157 814 208 Jahn
831 159 965 209 ’ἑῆος

152 199 271 244 phum
290 225 303 244 ‚
334 203 546 245 &Annam
562 220 742 251 murmur
759 214 924 266 quidem
943 216 982 253 in
1008 216 1103 256 lo'eo
1142 217 1256 263 fuisse
1285 231 1380 269 evul

150 257 237 305 tum
254 277 265 296 ,
295 254 360 292 sed
377 260 582 298 carnalem
598 264 732 303 astum
747 266 929 305 excludit
948 296 958 307 .
988 268 1195 312 Existimat
1208 285 1347 318 autem

149 312 187 337 vi

1392 193 1464 231 147

1385 247 1456 281 ga—

1394 298 1456 327 Γᾶ-ε·

194 315 263 341 ora
282 305 464 348 scandala
483 323 709 363 eventura,
738 321 1016 370 majoremque
1046 321 1257 366 infamiam
1300 297 1456 376 subitu—

146 364 231 390 ram
248 356 471 398 Mulierem
489 387 503 407 ‚
533 365 601 404 nili
630 381 722 408 cum
743 370 888 409 Sabino
914 371 1185 416 Matrimonio
1204 381 1409 432 *jungatur
1435 416 1450 434 ,

143 405 236 453 quia
252 410 332 455 post
348 411 483 452 datam
501 414 678 458 invicem
697 421 956 460 Matrimonii
973 424 1096 465 fidem
1117 454 1130 473 ,
1158 435 1261 470 credo
1280 460 1292 479 ,
1327 439 1391 476 che
1409 446 1453 480 vi

130 456 293 502 saranno
299 462 388 510 stati
402 467 499 514 degli
514 473 821 518 acceffifhmiliuri
833 477 872 511 in
888 476 979 522 Casa
995 479 1037 514 di
1053 482 1156 520 detta
1168 484 1290 524 Arma
1303 491 1450 530 Cateri-

141 521 187 544 na
203 519 269 557 per
279 522 385 561 parte*
397 518 437 554 di
451 519 552 558 detta
564 523 704 562 Sabino
719 554 728 564 .

88 552 292 602 Convenit
305 578 396 605 cum
411 569 614 612 sententia
630 574 803 616 Piarulli
818 577 1243 632 Sacerdosvolpicelli
1258 591 1447 642 afferens.

137 610 232 663 ideo
249 616 436 658 Sabinum
452 621 502 662 de
516 629 798 669 contra-hendo
823 642 917 669 cum
932 632 1051 672 Anna
1069 636 1342 684 Matrimonio
1369 660 1441 687 co-

132 663 276 712 gitaffe
288 694 300 713 ‚
328 675 554 714 unia-amente
563 688 629 727 per
643 685 866 730 reintegrare
883 683 920 720 la
937 688 1125 735 medestma
1148 693 1244 731 nella
1250 696 1361 742 stima
1395 703 1446 739 ad

134 728 272 764 oggetto
288 744 301 764 ,
318 725 381 761 che
388 725 541 772 secondo
559 734 662 781 intest
673 735 754 773 dire
769 736 828 771 trd
843 737 942 773 detto
957 742 1134 787 quandam
1148 746 1329 797 Giuseppe
1347 755 1441 790 Gia-

133 773 248 806 vanm'
263 796 275 815 ‚
294 776 340 810 ed
355 778 470 816 Anna
484 781 657 822 caterina
673 789 920 834 visramezzb
935 791 1084 838 qualche
1093 800 1256 842 prattica
1267 823 1280 842 5
1302 815 1442 843 mentre

120 819 502 879 scamht‘evolmentesi
509 842 708 882 portavano
723 839 816 877 nelle
831 840 1023 889 rispettive
1039 845 1128 893 Case
1147 872 1161 892 ,
1189 853 1300 898 peril
1313 856 1376 893 che
1393 871 1438 897 ne

126 877 415 926 meque-susurro
437 884 496 921 nel
511 886 624 936 Paese
637 918 661 932 .,
677 890 732 928 Ex
750 893 823 929 hac
837 901 980 932 autem
994 904 1137 937 mutua
1155 900 1346 945 Sabinum
1365 908 1430 947 in-

126 931 192 963 ter
205 950 221 969 ,
248 928 286 967 Sc
305 931 464 972 Annam
483 942 683 983 protrasta
697 944 993 985 consuetudine
1010 971 1022 990 ‚
1051 948 1285 994 scandalum
1301 957 1339 996 in
1359 958 1437 999 Po-

122 977 222 1022 pulo
235 991 420 1022 exortum
437 986 551 1027 fuisse
567 1014 580 1035 ,
610 994 715 1043 quod
736 996 861 1044 magis
880 1008 1098 1046 augeretur
1114 1026 1128 1047 ,
1153 1005 1222 1043 nisi
1255 1007 1436 1054 invicem

120 1025 395 1073 Matrimonio
410 1040 699 1086 copularentur
711 1075 721 1084 .
755 1046 946 1098 Illudque
966 1052 1092 1090 etiam
1132 1058 1233 1095 mali
1264 1063 1438 1106 accede-

122 1088 186 1118 ret
202 1105 216 1124 ,
232 1085 338 1132 quod
354 1089 506 1128 Mulier
521 1092 729 1135 diffamata
743 1109 820 1136 non
837 1100 1012 1147 amplius
1027 1104 1178 1146 nubere
1209 1109 1338 1157 poffet
1356 1144 1367 1154 .

70 1126 197 1170 Alter
213 1132 342 1175 Testis
359 1139 550 1182 Sacerdos
566 1145 733 1188 Sabinus
751 1150 984 1190 Romanelli
1015 1155 1169 1197 nescire
1202 1163 1433 1217 profitetur,

119 1194 167 1221 an
186 1184 387 1228 Sabinum·
403 1192 511 1234 inter
537 1222 549 1242 ,
578 1198 616 1237 Sc
644 1200 805 1241 Annam
821 1204 995 1243 carnalis
1025 1209 1171 1256 copula
1197 1212 1437 1261 intercesse-

121 1235 175 1273 rit
192 1265 202 1275 .
232 1236 456 1284 Confirmat
473 1272 486 1292 ,
514 1261 600 1298 quae
615 1250 723 1290 dista
741 1254 830 1293 sunt
846 1267 868 1294 a
885 1255 1105 1299 Sacerdote
1119 1260 1290 1307 Piarulli
1307 1270 1358 1311 de
1374 1273 1433 1312 in-

116 1284 241 1328 famia
258 1291 430 1335 Mulieri
444 1300 619 1340 obventa
634 1316 649 1343 ‚·
677 1304 714 1343 &
729 1304 896 1345 demum
935 1307 1175 1352 defunctum
1209 1316 1427 1369 Iosephum

114 1339 288 1381 honestis
306 1369 319 1388 ‚
349 1349 564 1402 probisque
578 1355 754 1394 moribus
773 1359 989 1405 praeditum
1008 1367 1272 1408 commendat
1290 1394 1304 1415 ‚
1335 1377 1429 1415 nul-

113 1389 279 1444 lamque
296 1396 528 1446 suspicionis
544 1429 556 1448 ‚
575 1415 648 1445 aut
662 1408 1101 1453 scandalioccafionem
1131 1421 1334 1467 praebuiffe
1362 1427 1426 1467 di-

111 1442 172 1483 cit
189 1470 202 1489 ‚
231 1459 314 1496 quo-
326 1457 510 1502 tempore
526 1469 620 1497 cum
635 1459 752 1499 Anna
768 1464 849 1510 post
865 1463 966 1504 inita
985 1465 1195 1515 sponsalia
1212 1480 1425 1520 conversa·

115 1501 180 1533 tus
200 1499 252 1535 est
270 1528 280 1538 .

62 1539 164 1584 Tres
177 1559 317 1590 autem
332 1553 535 1598 Muli-eres
550 1561 784 1611 deponunt,
812 1565 1056 1609 defunstum
1073 1571 1291 1626 Iosephum
1321 1595 1420 1624 non,-

105 1597 178 1636 nifi
198 1604 287 1640 raro
303 1605 353 1643 ad
368 1607 548 1650 Domum
568 1615 689 1656 Annae
705 1618 905 1660 accessiffe
918 1646 932 1666 ‚
961 1623 1213 1678 proindeque
1230 1632 1416 1682 scandala

105 1650 207 1689 oriri
223 1667 476 1709 nequaquam
490 1667 659 1710 potuiffe
674 1668 899 1710 asseverant
917 1701 927 1712 .
961 1673 1152 1719 Arserunt
1170 1690 1311 1724 tamen
1338 1687 1421 1727 dif-

104 1701 373 1748 famationem
405 1716 584 1756 coactam
615 1718 731 1761 fuisse
773 1734 820 1761 ex
836 1722 1032 1765 familiari
1077 1730 1259 1775 eiusdem
1287 1737 1439 1782 Anna(

103 1764 198 1795 cum
218 1758 365 1801 Sabino
377 1767 670 1812 consuetudine
689 1796 706 1819 ,
732 1784 853 1825 quam
885 1777 1050 1827 quidem
1080 1782 1128 1819 ab
1151 1786 1267 1825 omni·
1293 1792 1417 1840 culpa

101 1804 329 1852 immunem
344 1814 424 1855 duo
438 1829 485 1857 ex
501 1820 620 1862 dietis
637 1823 884 1866 Mulieribus
902 1829 1132 1872 existimant
1159 1860 1173 1881 ‚
1201 1837 1269 1877 sed
1287 1845 1417 1884 tertia

100 1858 152 1898 de
166 1863 274 1902 malo
290 1865 451 1908 dubitat
467 1894 480 1914 ‚
509 1872 604 1913 dum
621 1876 681 1916 ait
709 1893 737 1914 =
765 1877 840 1916 Per
853 1881 955 1929 quali
983 1886 1105 1933 acceffi'
1128 1890 1162 1925 io
1176 1891 1415 1943 dubito‚stc-

100 1924 195 1950 corae
208 1918 320 1954 anche
337 1920 385 1957 da
398 1921 486 1960 altri
492 1926 528 1973 st
529 1927 691 1977 sospetta
704 1954 717 1975 ,
731 1931 793 1968 che
809 1933 956 1982 visiano
972 1939 1046 1973 atti
1071 1939 1335 1989 confidenziali
1349 1971 1364 1993 ,
1395 1963 1417 1988 e

91 1962 134 2008 s⁰
144 1966 198 2012 'fi’
206 1973 369 2015 prattica
386 1977 531 2015 carnale
539 1979 606 2026 fid
625 1981 698 2020 loro
714 2013 723 2022 .
866 1984 870 1985 ⁷

47 2011 394 2073 Archiepiscopus
408 2027 563 2071 ,iudicio
580 2032 657 2074 EE.
677 2034 767 2077 VV.
788 2037 988 2090 relinquit
1006 2041 1256 2095 indaginem,
1272 2063 1322 2091 an
1341 2065 1411 2095 ex-

98 2067 234 2111 pediat
249 2071 590 2122 dispensationem
607 2085 647 2126 in
662 2088 850 2135 praesenti
869 2092 958 2131 casu
977 2097 1202 2140 concedere
1227 2116 1244 2142 ‚-
1271 2101 1406 2146 Caete-

96 2127 185 2156 rum
201 2124 414 2169 confirmat

627 2202 690 2230 am
703 2204 750 2232 ex
765 2202 907 2234 mutua
924 2195 1213 2245 familiaritate
1242 2218 1404 2249 contra-

603 2242 654 2281 de
672 2244 849 2291 ipsorum
868 2259 1125 2298 paupertate,
1145 2254 1196 2296 de
1215 2271 1290 2309 qua
1320 2262 1394 2299 alii

88 2282 250 2322 quoque
276 2276 413 2321 Testes
443 2308 457 2329 ‚
485 2298 564 2327 uno
590 2303 766 2342 excepto
780 2296 1000 2341 Sacerdote
1019 2304 1247 2355 Volpicelli
1276 2335 1292 2356 ‚
1325 2311 1394 2350 de-

38 2366 133 2412 Non
151 2388 225 2415 una
246 2380 298 2417 est
314 2380 537 2426 nostorum
555 2392 757 2436 sententia
773 2422 787 2442 ‚
813 2411 865 2438 an
879 2413 926 2441 ex
944 2405 1213 2448 matrimonio
1223 2418 1318 2451 rato
1335 2435 1349 2456 ‚
1366 2414 1406 2457 8(

87 2437 165 2465 non
184 2432 464 2490 consummato
481 2463 494 2482 ,
525 2441 869 2508 impedimentum
896 2452 1106 2512 affin-itatis
1128 2483 1141 2503 ,
1172 2460 1244 2501 vel
1269 2465 1403 2521 publi-

82 2583 362 2626 Matrimom’um
377 2592 585 2639 affinitatem
601 2602 724 2650 causat
736 2629 750 2648 ‚
774 2618 841 2642 non
849 2607 969 2654 solum
993 2614 1133 2650 ratione
1164 2618 1324 2657 carnalis
1336 2635 1400 2659 co-

76 2639 171 2689 pulae
187 2664 198 2683 ,
222 2641 418 2688 sedetiam
435 2652 573 2688 ratione
588 2653 783 2700 societatis
812 2656 1010 2709 conjugalis
1025 2688 1039 2708 ,
1056 2665 1260 2713 secundam
1285 2677 1395 2720 'quam

81 2695 188 2729 ctiam
203 2696 469 2735 matrimonium
487 2707 655 2745 naturale
668 2707 717 2756 cst
732 2719 742 2746 :
775 2710 876 2747 vnde
892 2714 935 2757 &⁴
945 2713 1097 2763 affinitas
1111 2725 1338 2763 contrabitur
1349 2737 1397 2762 ex

179 2746 470 2790 TomXXXIX.
791 2759 828 2799 T
858 2775 878 2799 2
1316 2777 1392 2827 ipso
