1914 2935
504 97 558 132 65
1050 108 1107 132 ιο.
1126 94 1398 138 Mmii177o.

515 149 551 182 ni
568 174 576 182 .
607 143 703 192 Qio
722 146 826 183 νει-ὸ
847 143 892 181 ad
913 143 1197 184 coadiutorem
1215 145 1356 182 statuit
1374 170 1386 188 ‚
1420 145 1514 192 quod
1541 145 1738 184 Coadiutor
1765 158 1851 193 quoe

516 194 814 249 quesupradiclm
824 198 872 244 sit
885 198 1064 234 Sacerdos
1089 222 1101 240 ‚
1135 198 1197 234 vel
1215 201 1320 234 intra
1347 199 1432 234 nuni
1449 196 1666 233 curriculum
1683 198 1731 232 ad
1747 197 1848 235 illam

515 251 732 297 dignitatem
759 250 1016 296 promovendus
1037 263 1050 288 ‚·
1080 251 1114 286 S
1115 253 1128 284 i
1146 253 1232 286 verb
1248 261 1314 285 non
1331 253 1400 286 erit
1431 250 1608 287 Sacerdos
1623 273 1634 292 ‚
1652 251 1700 295 stt
1716 248 1848 295 saltem

512 306 549 353 iu
565 302 685 356 aliquo
715 302 858 338 Ordine
886 300 1131 353 Ecclesiastico
1158 302 1362 350 constitutus
1382 327 1394 345 ,
1425 302 1605 350 diflasque
1631 300 1760 347 Mifflss
1784 309 1847 347 per

514 350 625 391 alium'
643 352 934 401 fuisficmptibus
957 354 1137 390 celebrare
1150 354 1271 400 faciat
1286 381 1296 391 .
1318 352 1505 402 illudque
1522 354 1647 391 etiam
1665 352 1847 398 addidit,

511 405 641 456 quodsi
655 404 730 440 ullo
763 418 920 454 unquam
952 415 1104 453 ternpore
1124 407 1210 442 dic‘li
1227 400 1499 454 Ludiruagtster
1518 429 1531 447 ‚
1562 404 1622 443 vel
1645 403 1720 457 ejus
1752 406 1844 441 Coa-

513 459 635 494 uiator
647 458 686 493 iu
700 457 861 506 aliquam
877 461 914 494 in
921 458 971 503 fir
981 459 1146 494 mitatem
1161 460 1364 495 inciderent
1377 481 1390 500 ‚
1419 472 1487 506 qua
1513 458 1710 496 laborantes
1720 458 1843 494 'tribus

515 509 681 557 mensthus
700 511 817 545 contin
829 513 883 547 uis
909 513 1123 548 exercitium
1139 512 1295 548 muneris
1304 511 1368 559 sui
1380 510 1482 557 plene
1499 511 1593 546 obire
1619 523 1683 545 uon
1695 511 1813 557 poffint
1828 534 1842 552 ,

518 563 611 611 quod
626 571 712 598 tunc
729 573 766 597 eo
789 561 873 609 casu
896 572 1090 599 teneantur
1103 588 1114 606 ,
1134 565 1175 606 &¹
1192 561 1423 610 obligatismt
1438 561 1841 609 unumfitisfitmptilus

507 613 672 662 sufficere
691 639 703 657 ,
719 616 781 662 qui
800 625 949 650 munere
969 616 1120 651 docendi
1144 624 1283 651 tantum
1293 615 1380 661 suas
1394 623 1514 662 partes
1525 614 1691 662 suppleat
1707 638 1718 654 ‚
1747 615 1788 655 ξφ
1803 616 1841 648 in

521 667 680 704 omnibus
697 690 709 708 ‚
740 665 958 711 infirmitate
984 666 1155 716 praedifla
1185 667 1339 704 durante
1357 691 1368 711 ,
1385 665 1604 713 satisfacere
1631 664 1838 712 intilligan-

518 729 578 755 tur
591 741 604 760 ‚
624 728 864 765 cogunturque
879 748 888 756 .

466 767 704 808 'imminutis
721 769 868 808 deinde
884 770 933 807 ob
966 779 1197 818 temporum
1232 770 1496 808 calamitates
1518 769 1701 808 beneficii
1731 767 1838 806 redi-

514 821 621 860 tibus
653 819 805 859 fat‘tum
824 822 875 859 est
893 845 908 864 ‚
942 831 986 859 ut
1017 833 1123 860 anno
1143 835 1256 868 1720.
1279 847 1291 865 ‚
1327 822 1502 861 dedue'to
1519 821 1724 860 Miss'arum
1741 831 1840 858 oue-

509 886 553 912 re
569 899 581 917 ,
612 872 679 910 vix
709 885 840 911 annua
868 874 979 912 scuta
1017 883 1190 923 quatuor
1229 872 1475 923 superessent
1492 898 1505 917 ‚
1537 886 1611 923 qua
1639 874 1688 912 de
1719 873 1835 913 causa

515 925 584 975 qui
601 924 843 964 beneficium
867 925 1138 969 obtinebant,
1164 927 1316 965 defides
1346 939 1463 975 quam
1500 926 1674 964 maxime
1694 924 1732 962 in
1760 925 1838 962 im-

509 976 661 1025 plendo
689 988 859 1015 munere
880 977 1034 1025 reperti
1065 977 1243 1017 fuerint.
1273 978 1382 1017 Huic
1401 980 1509 1017 malo
1528 989 1740 1016 occurrere
1768 988 1837 1013 vo-

512 1030 647 1068 lentes
665 1028 981 1073 communitas,
1014 1031 1051 1068 3<
1078 1029 1282 1069 Homines
1322 1031 1592 1074 Bellinzonae‚
1632 1028 1833 1076 supplices

509 1080 696 1119 adierunt
715 1081 794 1118 san.
814 1092 936 1123 mern.
955 1081 1219 1120 Clementem
1238 1080 1312 1121 Χῐ.
1333 1107 1344 1125 ,
1373 1092 1622 1130 exponentes
1641 1108 1653 1126 ‚
1671 1089 1833 1128 paratos

516 1133 556 1171 se
575 1131 650 1170 effe
669 1130 855 1171 beneficii
887 1133 1046 1171 reditus
1082 1145 1228 1182 augere
1252 1146 1296 1172 ex
1315 1134 1486 1183 propriis
1503 1136 1614 1172 bonis
1632 1133 1742 1171 mere
1761 1131 1833 1169 lai-

511 1184 664 1223 calibus
682 1183 730 1222 ad
751 1185 947 1224 summam
980 1186 1103 1234 usque
1131 1187 1326 1224 scut.100.
1355 1211 1369 1230 ,
1398 1185 1624 1225 dummodo
1655 1192 1826 1223 tamena

509 1235 615 1274 illud
643 1238 830 1275 manuale
847 1262 859 1280 ,
889 1237 927 1275 Sc
948 1236 998 1274 ad
1018 1245 1162 1274 nutum
1179 1237 1400 1276 amovibile
1421 1237 1686 1276 redderetur.
1721 1235 1833 1274 Peti-

503 1288 610 1326 tioni
643 1296 781 1326 autem
811 1288 981 1337 benigne
1020 1288 1231 1337 indulgens
1267 1290 1453 1328 Summus
1495 1289 1566 1327 ille
1611 1286 1796 1327 Pontifex
1815 1313 1830 1332 ‚

506 1340 584 1378 suis
603 1338 777 1377 Litteris
794 1339 1043 1389 Apostolicis
1062 1341 1099 1378 in
1119 1339 1245 1380 forma
1262 1341 1401 1380 Brevis
1421 1342 1487 1379 sub
1502 1342 1642 1379 datum
1663 1340 1747 1379 diei
1769 1352 1828 1387 ¹4·

505 1391 608 1429 Maii
629 1391 726 1430 dieti
745 1392 836 1431 anni
865 1405 976 1438 1720.
991 1418 1003 1437 ,
1024 1392 1240 1439 imperavit
1258 1420 1270 1438 ‚
1290 1403 1334 1432 ut
1353 1395 1554 1442 postquam
1572 1392 1754 1431 beneficii
1772 1404 1831 1429 re·

506 1444 616 1482 ditus
635 1443 793 1482 adaucti
824 1441 989 1483 fuissent
1007 1471 1018 1489 ,
1045 1446 1142 1482 idem
1159 1447 1366 1492 beneficium
1381 1459 1426 1483 ex
1442 1459 1535 1482 nunc
1563 1447 1723 1493 deinceps
1749 1454 1828 1492 per-

498 1500 616 1545 petuis
625 1496 766 1544 futuris
795 1499 1008 1545 temporibus
1027 1498 1191 1536 manuale
1207 1524 1218 1542 ,
1237 1501 1279 1541 &⁶
1296 1500 1343 1534 ad
1371 1509 1493 1536 nutum
1511 1523 1523 1542 ,
1552 1511 1644 1534 nuuc
1661 1523 1672 1540 ‚
1694 1499 1736 1539 ὠ·
1761 1505 1824 1544 pro

504 1558 660 1597 tempore
677 1550 903 1598 existentium
927 1551 1203 1587 Commum'tatis
1222 1577 1234 1594 ,
1267 1553 1309 1593 ὠ·
1338 1553 1540 1588 Hominum
1575 1551 1662 1586 dit-71·
1690 1550 1825 1596 Opp1di

502 1601 697 1638 amovibile
725 1602 853 1649 existat
877 1627 889 1645 ,
924 1605 1074 1650 perinde
1091 1603 1170 1652 acsi
1187 1603 1284 1641 illud
1301 1607 1356 1639 uti
1387 1603 1578 1645 manuale,
1609 1605 1652 1645 ὼ·
1683 1603 1730 1636 ad
1759 1613 1825 1637 nu-

502 1663 580 1688 tum
597 1653 795 1690 amovibile-
813 1654 1016 1699 fundatum
1034 1655 1164 1701 suiffet
1193 1666 1202 1692 :
1228 1654 1384 1692 Addita
1414 1655 1537 1692 etiam
1569 1655 1660 1702 lege
1677 1678 1690 1697 ,
1717 1651 1825 1699 quod

502 1716 581 1741 non
598 1703 726 1740 solum
744 1704 780 1741 in
811 1705 898 1741 casu
916 1706 1147 1744 vacationis
1164 1705 1465 1743 Communitati
1485 1730 1497 1748 ‚
1516 1706 1553 1743 ἃ
1574 1703 1819 1742 Hominibus

503 1755 675 1792 liberum
694 1753 792 1793 esset
822 1756 1071 1804 Presbyterum
1105 1759 1271 1794 idoneum
1289 1781 1301 1799 ‚
1317 1768 1358 1793 ut
1372 1768 1476 1793 autea
1491 1757 1705 1804 presentare
1721 1779 1733 1797 ‚
1760 1755 1821 1792 vel

501 1809 712 1849 nominare,
742 1805 863 1844 sedin
884 1807 972 1845 casu
992 1820 1156 1857 quoque
1189 1809 1453 1858 negligentiae
1484 1807 1712 1847 beneficiati
1743 1807 1816 1844 in„

502 1858 712 1905 implendo
730 1869 897 1896 munere
915 1884 926 1903 ,
946 1859 1064 1897 illum
1086 1871 1280 1899 amovere
1296 1885 1308 1904 ‚
1342 1864 1383 1904 ὅ)
1401 1860 1512 1897 alium
1542 1861 1818 1909 Presbyterum-⁴

500 1911 664 1946 idoneum
681 1913 719 1946 in
735 1907 811 1962 ejus
830 1911 944 1948 locum
954 1912 1176 1960 presentare
1193 1939 1204 1958 ‚
1220 1913 1283 1951 vel
1297 1916 1478 1951 nominare
1491 1911 1606 1950 libere
1621 1938 1634 1958 ‚
1662 1914 1703 1954 ὠ·
1730 1911 1817 1948 lici-

504 1967 540 1999 te
549 1964 668 2010 poffint
682 1987 693 2006 ‚
714 1966 757 2006 ὠ·
771 1963 918 2000 valeant
936 1993 944 2001 .

446 2012 694 2052 Beneficium
713 2015 940 2058 hujusmodi
959 2017 1127 2055 vacavit
1143 2015 1209 2055 die
1231 2030 1292 2059 30.
1306 2016 1462 2065 Aprilis
1480 2015 1572 2054 anni
1590 2014 1786 2062 praeteriti
1806 2043 1816 2053 .

500 2064 744 2108 Complures
765 2079 810 2104 ex
827 2067 1003 2106 Commu
1015 2068 1159 2106 nitatis
1176 2068 1478 2107 Decurionibus
1493 2069 1541 2106 ad
1562 2067 1664 2105 illud
1684 2067 1816 2105 nomi-

496 2126 641 2156 narunt
663 2118 871 2155 Clericum
887 2117 1191 2158 Defendentem
1213 2120 1329 2158 Molo
1347 2130 1549 2157 annorum⁷
1572 2132 1633 2157 21.
1652 2145 1665 2164 ,
1691 2128 1813 2158 cum...

499 2170 678 2208 clausula
697 2177 836 2207 tamen
852 2196 865 2214 .,
877 2172 1013 2218 purche
1024 2171 1079 2218 fia
1108 2175 1147 2208 in
1162 2182 1280 2209 tenore
1294 2172 1391 2208 della
1402 2173 1626 2218 sondazione
1642 2195 1653 2214 ‚
1684 2185 1702 2208 e
1730 2172 1815 2208 Bre-

495 2235 540 2260 ve
555 2221 744 2267 Pontificio
759 2251 768 2259 .
799 2221 953 2260 Verum
983 2222 1256 2263 existimantes
1273 2224 1346 2261 alii
1380 2236 1424 2262 ex
1460 2222 1604 2262 eodem
1635 2223 1778 2261 ordine
1798 2248 1813 2267 ,

493 2285 571 2311 non
588 2273 751 2311 Clericu
761 2285 798 2310 m
816 2299 829 2317 ‚
862 2274 928 2313 sed
957 2273 1245 2322 Presbyterum
1260 2274 1349 2314 fore
1367 2275 1602 2324 eligendum
1623 2300 1635 2319 ‚
1655 2275 1815 2323 suspen-

492 2326 530 2364 sa
549 2325 702 2363 idcirco
719 2324 800 2363 fuit
817 2326 1074 2373 praesentatio
1093 2351 1106 2370 ‚
1127 2327 1254 2366 donec
1275 2327 1477 2372 judicium
1507 2327 1597 2366 Sac.
1628 2327 1813 2375 Congre-

493 2376 670 2426 gationis
689 2377 755 2415 sub
774 2376 1037 2425 infrascriptis
1067 2379 1196 2417 dubiis
1216 2380 1497 2429 exquireretur
1515 2408 1525 2418 .
1576 2422 1579 2425 ,

442 2428 527 2477 Qui
546 2437 692 2476 putant
716 2429 977 2468 Sacerdotem
991 2427 1069 2469 effe
1089 2431 1381 2472 nominandum
1402 2458 1414 2475 ‚
1446 2433 1561 2476 aiunt
1594 2431 1642 2470 ad
1672 2432 1704 2471 Ι.
1735 2430 1806 2469 du-

492 2480 603 2518 bium
619 2507 631 2525 ,
646 2480 847 2520 Ordinem
865 2481 1171 2533 Saeerdotalem
1204 2484 1242 2521 in
1257 2484 1337 2531 ipso
1356 2485 1446 2524 at‘tu
1463 2482 1808 2526 Praesentationis,

493 2531 794 2577 Institutionis,
824 2534 890 2573 vel
905 2534 1138 2574 collationis
1170 2536 1352 2586 requiri,
1377 2536 1538 2585 quoties
1565 2537 1687 2574 verba
1713 2533 1806 2571 fun-

492 2582 668 2624 dationis
704 2583 899 2624 Beneficii
933 2585 1058 2633 ipsum
1089 2588 1222 2626 aetum
1253 2587 1471 2627 neceslhrio
1499 2587 1714 2635 respiciunt
1729 2583 1806 2622 Fa-

487 2647 600 2680 gcan.
619 2638 658 2674 iu
675 2639 757 2687 Cap.
777 2648 819 2675 :tt
842 2639 1011 2678 Abbatcs
1031 2640 1076 2679 de
1091 2650 1189 2681 aetat.
1210 2666 1222 2686 ‚
1254 2642 1296 2683 ἐν
1311 2641 1441 2691 qualit.
1459 2640 1754 2728 uum.54.‚Roti:
1763 2638 1805 2673 iu

1756 2702 1805 2726 ir-
