1865 2935
53 206 64 210 ..
603 163 779 214 12.Maji
812 176 921 210 1770.
1343 176 1410 206 ηπ

56 211 189 254 Variis
206 225 330 261 nuper
349 213 454 254 inter
471 213 599 253 diebos
619 216 679 253 sex
710 216 974 254 Beneficiatos
991 221 1195 263 nuncupat
1214 216 1382 252 Vicarios
1396 239 1410 258 ,

104 265 142 302 ὰ
156 264 390 311 Capitulum
416 267 657 315 Collegiatu:
671 267 824 307 exortis
838 267 1124 305 controversiis·
1153 266 1202 304 de
1234 274 1375 305 natura
1394 293 1408 311 ‚

106 317 143 355 3<
163 317 298 356 indole
328 319 583 359 Vicariarum
602 345 614 363 ‚
640 319 688 358 de
715 318 927 367 praestando
959 331 979 356 a
1010 318 1183 357 Vicariis
1210 317 1379 356 servitio
1397 343 1411 361 ‚

105 367 154 406 tle
174 369 361 407 lucranda
388 371 434 408 ab
466 370 550 418 ipsis
586 373 959 409 emolumentorum
990 369 1336 418 participatione,
1366 382 1411 407 ac

105 419 271 458 demum
292 421 339 460 (le
353 421 535 467 Capituli
565 422 842 466 jurisdistione
875 422 913 460 in
943 421 1104 461 eosdem
1121 421 1304 459 vicarios
1323 446 1336 465 ,
1369 431 1416 459 ut

102 483 243 510 omnes
263 475 319 510 11ae
337 474 616 513 controversi-e
633 473 875 512 dirimantur
890 499 903 518 ‚
935 473 972 511 iu
994 473 1087 512 Xll.
1118 473 1251 522 capita
1279 472 1415 516 sejun-

107 524 177 560 &ae
215 537 319 563 nuuc
352 526 534 573 supremo
565 526 642 563 ΕΕ.
676 525 767 565 VV.
800 525 954 571 jndicio
981 525 1234 564 deffiniendae
1267 536 1414 573 propo-

107 584 284 615 uuutur.

58 626 173 672 Adii.
195 629 380 677 inquiunt
410 629 560 667 Vicarii
579 654 590 673 ‚
612 629 808 669 Beneficia
825 629 979 676 semper
996 628 1178 672 praesumi
1198 637 1411 676 perpetua,

111 679 179 716 nili
203 682 403 718 manualia
434 683 649 728 probentur
665 711 673 719 .
694 682 788 719 Suas
805 690 942 719 autem
960 680 1146 720 Vicarias
1179 689 1267 718 tum
1287 679 1414 728 inspe-

111 732 171 769 t‘h
197 733 352 777 origine
369 758 380 776 ,
411 742 499 770 tum
533 733 684 783 litteris
716 733 884 780 fingenii
916 733 988 772 IV.
1022 741 1237 780 perpetuas
1267 742 1411 778 aperte

110 784 294 831 probari,
319 785 647 823 cumconstitutae
679 784 832 823 fuerint
862 797 906 823 ex
937 784 1139 824 beneficiis
1170 783 1378 832 perpetuiS
1401 810 1415 828 ‚

109 847 191 883 qua:
209 836 450 882 Apostolicis
468 836 803 875 reservationibus
821 836 992 880 subjeeta
1009 845 1125 875 erant
1140 864 1149 873 .
1180 835 1408 884 Eugenium

108 897 206 924 vero
228 886 294 926 lV.
306 888 447 926 nullibi
471 889 790 936 perpetuitatem
809 887 1017 931 abstulisse,
1034 889 1097 926 vel
1118 884 1307 926 invexiffe
1325 899 1411 926 ma·

57 939 354 993 -nualitatem
372 966 384 984 ,
412 941 476 978 sed
491 939 670 979 concessa
701 950 861 979 tantum
893 940 1018 979 libera
1049 951 1187 978 earum
1214 938 1410 978 collatio-

107 1002 158 1027 ne
189 991 380 1036 Det-ano,
411 993 448 1031 St
473 991 698 1037 Capitulo,
732 992 909 1045 Vicariig
939 1003 1039 1030 onus
1073 991 1292 1040 personalis
1320 991 1412 1029 refi-

108 1041 257 1080 dentiae
274 1043 321 1080 ad
338 1043 487 1082 Divina
504 1045 684 1083 obeunda
701 1043 836 1082 officia
856 1042 1061 1088 injunxiffe
1077 1071 1087 1082 .
1123 1042 1174 1080 Et
1204 1053 1345 1082 revera
1361 1042 1412 1080 il-

107 1095 168 1132 las
189 1096 359 1133 collatas
375 1098 451 1133 huc
469 1096 587 1146 usque
602 1094 713 1134 fuisse
729 1122 741 1140 ‚
762 1105 806 1133 ut
835 1094 1027 1133 beneficia
1043 1093 1230 1132 vacantia
1242 1107 1257 1133 5
1273 1093 1411 1132 Cauo—

106 1145 196 1184 nica
213 1147 407 1185 methodo
424 1160 560 1186 earum
579 1157 739 1195 captam
759 1146 1057 1196 possessionem:
1085 1146 1259 1185 solutam
1291 1145 1338 1183 ab
1355 1145 1414 1194 ip-

104 1199 168 1236 fiis
186 1209 318 1236 taxam
349 1200 462 1245 snper
480 1199 683 1238 beneficiis
704 1199 928 1247 impolitam
946 1224 958 1243 ‚
987 1199 1024 1237 &
1048 1209 1250 1246 nunquam
1277 1197 1408 1245 spatio

54 1286 59 1294 ,
106 1250 230 1289 trium
249 1251 473 1288 seculorum
492 1277 503 1295 ,
524 1253 560 1291 Sc
578 1252 683 1289 ultra
712 1253 790 1289 fine
822 1251 936 1288 causa
953 1249 1138 1288 Vicarios
1168 1247 1282 1288 fuisse
1297 1261 1412 1287 amo-

107 1311 170 1341 tos
187 1331 195 1340 .
216 1302 242 1339 E
259 1304 468 1350 conspeetu
491 1303 580 1341 ideo
600 1301 958 1341 natm-‘edmarum
975 1300 1231 1339 vicariatum
1248 1326 1259 1345 ‚
1277 1303 1314 1340 St
1335 1301 1413 1338 im-

105 1355 381 1392 memorabilis
399 1355 660 1394 observantiae
681 1353 939 1400 spernendam
957 1350 1032 1391 esse
1066 1352 1291 1401 quamlibet
1322 1364 1411 1390 ma-

107 1406 320 1445 nualitatis
352 1408 603 1449 mentionem
635 1407 674 1444 in
705 1405 841 1444 literis
877 1404 1114 1443 collationis
1163 1415 1185 1441 a
1213 1403 1408 1453 Capitulo

110 1459 296 1503 injet‘tam
317 1487 325 1497 .

51 1511 163 1549 Hinc
189 1510 238 1548 ad
258 1512 308 1548 11.
326 1512 599 1557 concludunt,
631 1513 669 1551 se
685 1513 773 1557 jure
788 1509 892 1559 posse
918 1509 1046 1548 titulo
1074 1508 1308 1548 earumdem
1330 1508 1410 1546 Vi-

105 1562 305 1601 cariawm
321 1563 448 1602 Sacris
467 1565 688 1603 Ordinibus
708 1563 861 1602 initiari
878 1565 1040 1605 Garzias
1071 1563 1115 1599 de,
1132 1560 1255 1608 Benef.
1271 1570 1413 1609 parm·

105 1624 344 1659 cap.3.mm.1
358 1630 370 1653 1
384 1630 414 1654 2.
435 1628 443 1653 z
461 1617 633 1655 maxime
652 1617 743 1666 quia
760 1615 930 1654 univoca
949 1617 1027 1651 haec
1044 1611 1121 1651 fuit
1142 1612 1268 1652 etiam
1284 1612 1407 1661 usque

106 1678 209 1705 nunc
228 1667 480 1706 observantia
498 1698 506 1707 .
529 1668 616 1707 Nec
632 1668 669 1706 in
688 1667 727 1706 id
745 1666 894 1716 requiri
921 1665 1105 1712 Capituli
1121 1664 1300 1708 veniam,
1315 1675 1412 1702 cum

107 1730 184 1757 non
202 1731 246 1758 ex
260 1719 390 1768 gratia
422 1719 632 1767 Capituli,
663 1719 728 1757 sed
754 1731 799 1758 ex
829 1727 1026 1766 perpetua
1058 1716 1315 1756 vicariatum
1346 1714 1410 1753 in-

58 1797 60 1801 ·
108 1770 203 1810 dole
243 1782 308 1809 eas
357 1772 587 1810 obtinentes
613 1771 741 1809 Sacris
771 1770 993 1808 Ordinibus
1037 1767 1192 1806 initiari
1232 1765 1405 1815 possint.

104 1822 182 1861 Cui
199 1823 255 1860 rei
271 1823 374 1861 haud
390 1833 585 1871 repugnat
603 1822 840 1872 privationis
869 1832 978 1869 prena
1011 1820 1049 1859 in
1064 1820 1248 1859 absentes
1267 1819 1407 1875 Ultra-'1

102 1876 282 1914 mensem
299 1875 545 1914 comminata
560 1902 572 1919 ‚
588 1887 678 1914 cum
696 1873 837 1914 eadem
856 1872 1033 1920 privatio
1058 1884 1080 1910 a
1095 1870 1280 1919 Capituli
1311 1871 1413 1909 arbi-

105 1926 187 1963 trio
217 1939 291 1964 non
308 1927 509 1974 pendeat,
537 1928 601 1978 sefl
626 1927 707 1974 ipso
731 1928 818 1971 jure
846 1937 892 1964 ex
920 1923 1026 1963 fasto
1054 1923 1314 1963 Vicariorum
1345 1921 1407 1979 in·-

107 1976 215 2015 flit‘ta
241 1979 287 2016 fit
304 2003 316 2021 ,
335 1978 436 2017 adeo
455 1989 499 2018 ut
516 1979 574 2018 fas
590 1978 784 2026 Capitulo
801 1990 878 2016 non
905 1977 951 2016 fit
969 1974 1157 2016 eamdem
1188 1987 1258 2025 pro
1285 1974 1407 2013 libito

110 2031 322 2071 remittere
339 2056 351 2074 ‚
368 2045 414 2071 ac
430 2033 657 2070 condonare
671 2059 681 2070 .

54 2081 119 2120 Ad
141 2080 211 2120 [ΙΙ.
227 2082 438 2133 inquiunt,
467 2083 707 2130 Capitulum
735 2094 782 2122 ex
802 2081 972 2132 Eugenii
990 2078 1061 2119 IV.
1081 2079 1236 2135 litteris
1251 2078 1410 2118 discon-

105 2133 265 2173 tinuum
294 2135 506 2175 dumtaxat
538 2136 781 2178 servitium,
817 2146 861 2173 ac
891 2131 1149 2172 rationabuia
1165 2143 1291 2170 onera
1307 2143 1408 2179 proe-

102 2186 273 2226 scribere
291 2186 484 2235 potuisse.
505 2187 671 2226 Nonnisi
689 2186 841 2226 idcirco
873 2185 1014 2231 injuste
1032 2207 1045 2228 ‚
1078 2196 1123 2223 ac
1158 2184 1298 2234 inique
1332 2182 1408 2221 Vi-

103 2239 220 2275 cariis
239 2238 302 2275 vix
320 2239 611 2286 accipientibus
628 2251 755 2277 annua
773 2239 872 2276 scut.
889 2251 953 2285 42.
970 2231 1180 2281 injunxisse
1199 2243 1289 2273 tum
1305 2244 1408 2273 onus

104 2290 350 2338 quotidianae
370 2289 589 2328 refidentiae
616 2291 759 2339 absque
779 2290 860 2327 ulla
878 2289 1035 2334 prorsus
1053 2287 1269 2326 vacatione
1289 2311 1302 2330 ,
1319 2294 1410 2323 turn

103 2341 230 2378 etiam
243 2352 342 2378 onus
360 2341 527 2379 canendi
547 2341 705 2388 singulis
720 2340 860 2377 diebus
877 2339 1080 2388 integrum
1098 2337 1297 2377 Officium
1311 2360 1324 2379 ‚
1341 2336 1414 2390 sru-

103 2394 294 2442 gulasque
315 2392 423 2430 illius
454 2394 585 2436 horas,
604 2392 755 2429 summa
772 2391 895 2429 etiarn
913 2392 1032 2428 Sacra
1049 2400 1170 2428 cantu
1191 2388 1412 2441 Gregoria-

107 2457 159 2482 no
176 2470 188 2489 ,
218 2444 282 2482 vel
297 2443 467 2491 figurato
485 2469 496 2487 ,
514 2444 551 2481 St
571 2451 767 2490 praeterea
795 2442 1052 2489 Antiphonas
1070 2465 1083 2484 ‚
1122 2437 1385 2493 Responsoriat
1399 2462 1413 2481 ‚

102 2495 387 2534 Anniversaria
401 2519 413 2538 ‚
435 2493 568 2532 Miil'as
587 2520 599 2537 ,
625 2496 662 2532 St
682 2492 832 2532 Officia
849 2491 1133 2532 defunctorum
1149 2515 1162 2533 ‚
1192 2489 1301 2527 ultra
1333 2488 1413 2528 alia

95 2548 307 2585 innumera
336 2557 458 2584 onera
474 2546 632 2594 lingulis
652 2544 829 2584 Vicariis
848 2544 1054 2588 injuncta:
1082 2541 1175 2579 hinc
1211 2540 1413 2597 postulunt

97 2606 180 2636 tam
199 2610 318 2647 grave
335 2623 347 2641 ‚
364 2609 409 2636 ac
429 2596 707 2635 intollerabile
727 2595 906 2634 Ecclefiae
925 2593 1139 2632 servitium
1165 2592 1216 2632 ob
1234 2600 1421 2632 tenulta-

94 2662 178 2692 tem
199 2648 403 2687 redituum
421 2648 467 2685 ad
485 2649 588 2688 solos
603 2648 689 2688 dies
710 2647 840 2686 Festos
862 2644 1033 2685 reduci.

206 2702 490 2744 Tomxxmx,
889 2697 921 2736 R
953 2710 973 2736 ε
1312 2695 1423 2735 con-
