1914 2935
470 102 542 138 218
988 97 1046 132 13.
1061 91 1232 141 Augusti
1253 103 1367 136 ¹770·
1477 139 1482 145 1

463 146 806 190 tumulandorum
824 144 861 185 ‘in
880 144 1067 182 Ecclesiis
1092 143 1356 193 Regularium
1374 139 1514 180 fitisin
1545 139 1699 179 ambitu
1715 139 1796 180 Ca-

460 200 663 239 tliedmhs
685 211 694 237 ε
718 199 781 237 lta
800 197 889 234 sane
909 196 1031 245 usque
1049 209 1152 239 nunc
1182 196 1230 235 ab
1247 193 1568 234 immemorabili
1586 193 1794 232 servatum

464 249 579 294 fnisse
593 266 607 292 ,-
627 253 759 301 licque
778 247 1003 288 decreviffe
1036 248 1198 287 Sacram
1216 244 1595 296 Congregationem
1625 244 1796 284 Rituum

464 316 571 344 anno
604 303 800 347 1631.,&
834 301 998 343 Sacram
1026 298 1407 355 Congregationem
1441 297 1575 345 Episc.
1598 324 1610 347 ‚
1639 297 1677 340 Sc
1695 296 1795 346 Reg.

464 369 568 397 anno
598 369 641 400 17
674 371 711 399 ο.

410 370 768 453 Contendit4vero
791 407 841 449 ad
858 405 928 449 Vl.
946 418 992 449 ex
1006 407 1377 460 resolutisstandum
1403 405 1451 456 est
1476 409 1515 443 in
1531 404 1693 453 secundo
1721 399 1796 457 lopo

468 460 608 510 Deczfis
626 486 637 505 ,
676 460 776 499 utin
799 459 977 501 Ecclesia
1005 459 1246 503 Cathedrali
1283 460 1536 511 sepeliantur
1563 454 1793 511 Canonic¹s

470 512 739 561 Presbyteri,
755 512 792 557 &r
806 512 962 555 Clerici
981 512 1151 553 servitio
1164 514 1426 555 Cathedralis
1443 510 1634 553 adscripti
1657 533 1670 552 ‚
1692 508 1799 546 hcet

463 564 700 606 habitantes
734 565 772 604 in
802 565 956 608 ambitu
996 564 1177 606 Eccleiioe
1210 567 1250 608 S.
1288 564 1456 608 Nicolai
1489 586 1502 606 ‚
1543 561 1797 604 decedentes

467 619 615 666 absque
629 617 833 657 electione
863 617 1104 666 sepulture,
1135 630 1209 659 nec
1235 619 1334 659 alibi
1368 628 1461 657 eam
1487 617 1715 669 habente33
1745 611 1798 650 ob

465 670 617 710 claram
635 670 736 713 juris
754 669 1058 718 dispositionem
1075 693 1087 712 ‚
1104 671 1217 716 juxta
1233 682 1354 724 quam
1383 667 1613 710 canonici,
1644 665 1799 719 aliique

470 721 624 765 addicti
641 721 812 761 servitio
833 721 1014 763 Ecclesiae
1041 721 1302 765 Catbedralis
1323 749 1336 766 ,
1374 723 1413 760 in
1450 723 1526 760 hac
1570 715 1795 766 sepeliendi

466 775 559 813 sunt
575 799 588 818 ‚
607 773 770 815 etiarnsi
788 774 884 814 alibi
900 773 1165 814 domicilium
1184 777 1357 816 habeant
1373 788 1387 814 ,-
1418 772 1594 811 maxime
1624 770 1717 820 quia
1736 776 1800 806 res

469 826 537 867 hic
551 827 603 865 est
623 826 672 865 de
691 824 868 867 Ecclefia
887 826 1127 870 Cathedrali
1143 827 1259 869 unica
1281 826 1511 870 Parochiali
1530 850 1543 868 ,
1560 825 1598 864 ἒ(
1626 821 1801 872 quilibet

474 878 515 918 in
536 878 696 925 propria
713 876 1011 920 Parochia‚nou
1029 880 1159 918 electa
1174 880 1392 928 Sepultura
1411 904 1424 924 ‚
1442 890 1487 916 ac
1504 875 1724 920 deficiente
1742 872 1802 911 se-

470 931 616 979 pulcro
628 931 829 975 majorum
849 932 1007 975 semper
1026 932 1075 969 est
1091 932 1357 973 tumulandus
1374 959 1384 969 .

420 983 700 1031 Eamdemquc
718 984 769 1021 ob
785 983 989 1025 rationem
1007 985 1227 1026 contendit
1243 984 1291 1024 ad
1313 982 1424 1025 VIII.
1445 978 1803 1028 Dubiumstandum

472 1036 542 1084 effe
558 1034 763 1083 insecundo
777 1033 850 1074 loco
864 1036 987 1084 decifis
1003 1048 1075 1083 pro
1092 1037 1370 1079 tumulatione
1399 1034 1436 1072 in
1454 1034 1629 1072 Ecclefia
1647 1031 1801 1070 Cathe-

471 1087 576 1127 drali
604 1086 788 1127 omnium
817 1087 1151 1137 Presbyterorum
1169 1112 1181 1131 ‚
1213 1089 1252 1128 ὃς
1286 1087 1545 1126 Clericorum
1578 1085 1803 1131 adscripto-

473 1150 563 1180 rum
578 1138 750 1179 servitio
768 1139 951 1182 Ecclelite
969 1140 1008 1182 S,
1029 1138 1196 1179 Nicolai
1213 1164 1225 1183 ‚
1259 1141 1297 1179 Sc
1320 1138 1598 1177 habitantium
1617 1148 1655 1174 in
1674 1135 1803 1173 ambi-

473 1200 519 1230 tu
536 1190 798 1232 cathedralis
816 1217 828 1236 ‚
859 1190 1153 1235 decedentium
1168 1193 1312 1241 absque
1332 1190 1537 1232 electione
1572 1189 1806 1236 sepulturae,

475 1255 548 1283 uec
577 1243 674 1285 alibi
703 1255 796 1285 eain
825 1244 1091 1288 habentium,
1122 1256 1217 1287 cum
1250 1242 1433 1283 Ecclelia
1462 1240 1723 1284 Cathedralis
1756 1240 1805 1278 su:

475 1296 591 1339 unica
605 1294 855 1338 Parochialis
875 1295 1006 1339 totius
1023 1295 1224 1341 Civitatis
1243 1322 1255 1341 ‚
1287 1296 1325 1335 8(
1359 1293 1581 1333 Teri·itorii
1597 1322 1607 1334 .
1624 1292 1803 1337 Ecclesia

476 1360 576 1387 vero
594 1347 632 1385 S.
650 1345 816 1386 Nicolai
851 1348 995 1398 quovis
1025 1349 1115 1393 jure
1147 1357 1284 1388 careat
1319 1347 1549 1386 tumulandi
1581 1344 1797 1387 defunctos

476 1413 557 1489 mog
576 1400 780 1448 eligentes
797 1399 1048 1455 sepulturam
1063 1426 1075 1446 ‚
1098 1413 1172 1446 nec
1190 1401 1421 1455 sepulcrum,
1439 1400 1640 1445 majorum
1659 1397 1699 1438 in
1724 1406 1803 1435 εει-ι

482 1455 531 1491 lia
561 1460 676 1496 entes
695 1480 705 1497 ,

427 1504 607 1545 Postulat
626 1504 727 1543 item
745 1504 793 1544 ad
816 1504 888 1549 IX.
910 1507 1071 1547 rescribi
1087 1507 1296 1555 insecundo
1325 1506 1396 1544 loco
1413 1505 1535 1553 dectfis
1565 1514 1637 1549 pro
1666 1510 1806 1541 tumu-

480 1557 637 1597 latione
659 1556 699 1595 in
719 1557 893 1598 Ecclelia
921 1559 1162 1599 Cathedrali
1190 1559 1375 1597 omnium
1406 1555 1697 1597 decedentium
1729 1554 1803 1593 iri-³

480 1609 638 1650 ambitu
671 1609 854 1650 Ecclesiae
878 1611 918 1655 S,
951 1611 1118 1655 Nicolai
1153 1612 1200 1650 ab
1218 1612 1408 1651 intestato
1428 1634 1441 1654 ‚
1473 1619 1544 1649 aut
1560 1619 1654 1648 cum
1679 1606 1803 1647 testa-

481 1670 624 1701 mento
637 1660 717 1702 fine
734 1663 937 1705 electione
956 1665 1169 1711 sepultura·
1186 1689 1199 1709 ‚
1228 1675 1300 1705 nec
1322 1663 1435 1702 illam
1450 1662 1690 1702 habentium
1709 1669 1807 1714 gen·-

482 1714 657 1754 tilitiam
675 1741 685 1752 .
713 1713 913 1757 Advertit
933 1717 1181 1763 enim,nullo
1197 1717 1286 1761 jure
1303 1715 1427 1764 potiri
1451 1715 1666 1754 Ecclesiam
1686 1708 1808 1750 S.Ni-

483 1766 596 1822 colai.
609 1766 831 1822 sepeliendi
865 1765 1083 1809 defuiie‘tos'
1109 1780 1186 1808 non
1202 1769 1406 1819 eligentes
1422 1767 1700 1813 sepulturam
1732 1773 1807 1819 ⁰53⁶

482 1819 738 1868 gentilitiam
755 1819 949 1859 habentes
967 1850 978 1861 .
996 1820 1057 1862 Ita
1074 1819 1264 1869 expreffis
1278 1821 1411 1861 verbis
1428 1827 1683 1860 conventum
1710 1813 1808 1854 fuis-

485 1871 526 1910 se
545 1871 584 1908 in
599 1869 772 1927 solemni
791 1870 1080 1914 Transat‘tione
1097 1874 1188 1914 anni
1223 1877 1337 1922 1446.
1353 1899 1367 1918 ,
1396 1885 1481 1924 quae
1499 1883 1579 1910 non
1599 1871 1725 1910 solum
1743 1866 1806 1905 in-

485 1922 742 1963 violabiliter
759 1924 952 1965 haetenus
972 1923 1128 1966 servata
1147 1924 1227 1969 fnit
1241 1951 1254 1969 ,
1274 1925 1338 1967 sed
1374 1925 1552 1973 pluribus
1567 1922 1695 1963 etiam
1717 1920 1807 1976 sen·-

487 1974 632 2014 tentiis
662 1975 1014 2017 confirmationem
1043 1979 1271 2026 promeruit
1298 1977 1500 2019 emanatis
1522 1985 1656 2014 coram
1687 1971 1812 2010 Ordi-

488 2028 603 2065 natio
619 2052 632 2073 ‚
650 2025 864 2077 Delegatis
881 2029 1125 2077 Apostolicis
1147 2055 1160 2076 ‚
1175 2042 1314 2070 coram
1336 2030 1385 2068 A.
1402 2028 1451 2066 C.
1468 2050 1480 2070 ‚
1512 2027 1549 2066 ἃ
1567 2026 1684 2067 Sacra
1699 2022 1809 2063 Con-

487 2079 726 2129 gregatione
761 2080 930 2121 Rituum
959 2111 968 2120 .
1000 2083 1050 2121 Et
1075 2085 1163 2127 jure
1206 2083 1358 2122 merito
1383 2080 1434 2118 ob
1472 2076 1807 2121 Parochialitatis

487 2131 799 2180 praerogativam
817 2132 937 2171 unice
957 2134 1166 2173 insidentis
1185 2144 1307 2180 penes
1337 2132 1555 2172 Ecclefiam
1583 2128 1812 2170 Cathedra-

489 2183 575 2221 lem
604 2193 676 2230 pro
707 2191 795 2221 tota
833 2182 1021 2223 Civitate
1039 2207 1053 2228 ‚
1093 2186 1131 2225 &
1150 2184 1384 2226 Territorio
1400 2207 1414 2227 ,
1431 2184 1469 2223 Sc
1498 2185 1550 2222 ob
1570 2182 1607 2222 id
1621 2189 1808 2231 apertum

491 2233 567 2274 esse
584 2258 598 2278 ,
611 2245 752 2275 omnes
770 2247 846 2274 non
866 2236 1066 2284 eligentes
1084 2237 1334 2284 sepulturam
1351 2259 1365 2281 ι,
1393 2248 1468 2277 uec
1485 2236 1712 2285 sepulcrum
1728 2245 1815 2272 ma-

490 2289 625 2333 jorum
644 2288 839 2327 habentes
856 2300 892 2328 in
907 2300 954 2328 ea
971 2287 1050 2331 effe
1066 2289 1331 2331 tumulandos
1351 2317 1361 2331 .

442 2344 567 2384 Inane
583 2351 681 2378 vero
694 2338 772 2378 effe
795 2337 1005 2389 diffugium
1024 2343 1073 2383 ad
1101 2342 1304 2391 peractam
1320 2340 1557 2382 divisionem
1576 2369 1586 2379 .
1615 2339 1722 2379 Cum
1737 2349 1812 2386 pei·

492 2402 584 2432 eam
616 2403 693 2430 non
710 2390 866 2432 fuerint
886 2394 1113 2435 constitutae
1142 2395 1230 2433 duce
1261 2393 1452 2434 distinetae
1484 2391 1717 2437 parochiae,
1744 2390 1814 2431 sed

496 2452 659 2483 tantum
674 2445 892 2484 materiale
907 2447 1151 2485 exercitium
1168 2459 1271 2487 curae
1288 2446 1514 2487 animarum
1538 2445 1711 2485 divisum
1728 2443 1815 2484 fue·-

493 2497 549 2534 rit
566 2495 706 2542 ‚firma
724 2506 961 2537 remanente
979 2499 1181 2548 qualitate
1216 2498 1343 2539 unicae
1376 2498 1710 2539 Parochialitatis
1739 2509 1813 2546 pe-

495 2559 567 2587 nes
585 2548 806 2589 Ecclesiam
823 2548 1117 2590 Cathedralem
1134 2579 1145 2589 .
1176 2551 1216 2590 Si
1236 2551 1376 2601 itaque
1393 2551 1523 2591 etiam
1552 2551 1633 2595 post
1650 2550 1815 2590 divisio·
1836 2550 1840 2554 ’

497 2610 590 2639 nem
607 2600 782 2655 Ecclesia
795 2600 1055 2643 Catliedralis
1072 2603 1203 2642 adhuc
1218 2604 1270 2641 est
1301 2604 1415 2642 unica
1437 2601 1687 2643 parochialis
1707 2627 1719 2648 ‚
1740 2611 1817 2688 Υ

497 2651 546 2692 dc
561 2649 895 2700 sequitur,etiam
912 2656 993 2706 post
1009 2656 1159 2696 dietam
1176 2655 1416 2697 d-ivifioncm
1433 2667 1576 2697 omues
1593 2653 1770 2694 indistint
1796 2654 1818 2693 ὲ

1431 2711 1437 2722 '
1744 2716 1824 2752 non
