1914 2935
551 153 599 188 88
886 194 888 196 Ι
970 149 1196 198 26.Augusti
1220 150 1330 195 1769.

547 201 679 240 litatis
696 200 801 240 vitio
818 200 1025 238 laborare:
1056 201 1194 248 (Qum
1214 202 1355 240 eadem
1377 198 1547 238 nullitas
1569 198 1865 239 concludenter

547 265 625 294 non
642 254 832 302 probetur
852 278 865 293 ,
890 251 1015 298 &pro
1032 251 1180 296 justitia
1200 277 1214 295 ‚
1244 265 1290 291 ac
1317 252 1536 291 validitate
1565 252 1676 292 aetus
1707 257 1862 299 {emper
1886 269 1904 272 0

547 306 704 345 militet
721 305 818 350 Juris
839 303 1097 352 praesumptio
1125 303 1302 343 Fufferin.
1321 307 1364 341 de
1379 304 1475 342 elecl.
1496 313 1571 353 cap.
1593 317 1655 347 32.
1675 309 1860 350 num.69.‚

546 361 630 401 Rot.
663 361 701 393 in
728 354 902 396 firmana
933 355 1148 404 Capellam'ae
1177 357 1444 394 anst-laruam·
1475 369 1585 400 1755·
1621 358 1658 405 ξ.
1676 369 1711 398 5.
1743 369 1860 392 coram

544 411 739 452 Amadco.
768 409 907 459 Atque
929 407 1022 445 hinc
1044 409 1091 446 ad
1109 409 1255 456 lingula
1290 410 1474 456 oppolitae
1491 408 1698 448 nullitatis
1714 407 1853 446 capita

541 461 806 514 progrediens
826 485 841 504 ‚
875 459 1088 508 respondet
1107 462 1236 508 primo
1255 461 1345 499 loco
1362 486 1375 504 ‚
1407 473 1557 499 novum
1573 459 1742 499 omnino
1761 457 1856 502 esse,

548 515 655 566 quod
671 515 719 552 ab
737 513 930 562 Episcopo
947 524 1014 560 per
1037 512 1146 551 diem
1173 521 1267 550 ante
1286 512 1466 551 nunciari
1482 512 1706 553 debuiffent
1727 537 1740 556 ‚
1771 523 1855 561 quae

545 565 932 615 inCongregatione
962 565 1114 613 agenda
1128 573 1242 603 erant
1260 578 1273 604 ‚·
1303 564 1430 602 immo
1455 565 1491 603 id
1511 566 1669 612 prorsus
1697 576 1717 602 a
1734 565 1852 608 jure,

543 621 733 662 absonum
761 617 926 661 videri,
954 627 1046 655 cum
1060 616 1232 664 speciem
1253 617 1464 665 quamdam
1486 616 1742 659 subiet‘tionis
1764 641 1776 659 ‚
1805 627 1853 654 ae

541 671 756 713 servituti<
771 667 997 718 praeseferat
1037 670 1119 717 Cap.
1139 671 1170 706 15
1187 672 1248 717 qui
1272 674 1330 708 18.
1349 670 1394 705 de
1410 670 1518 706 Sent.
1538 669 1685 707 Excom.
1717 672 1755 704 in
1776 671 1816 705 6.
1838 692 1852 710 ψ

540 726 627 766 Rot.
641 728 679 761 in
693 721 1339 777 Masonem.Praemittentiarum&
1353 722 1503 758 Funeris
1526 735 1538 757 1
1550 733 1584 762 J.
1606 720 1716 769 Junii
1736 724 1848 766 1746.

542 786 586 823 ς.
601 790 638 825 4,
656 789 771 814 coram
786 775 1060 821 Eminenttffimo
1071 772 1208 810 Moliuo
1224 798 1236 817 ,
1266 775 1310 817 ὠ·
1322 777 1359 809 in
1373 775 1604 811 Avenionen.
1626 775 1848 810 convocatio-

542 832 598 869 m‘s
613 828 775 877 Capituli
808 840 867 873 ¹7·
883 825 1017 862 Marna
1036 839 1048 863 1
1061 836 1078 868 5
1088 836 1148 867 52.
1166 832 1201 867 ς.
1217 837 1254 872 4.
1285 838 1404 862 coram
1419 827 1527 873 Buffio
1542 853 1552 863 .
1584 824 1706 863 Haud
1724 822 1846 862 refra-

539 882 728 932 gantibus
750 877 1026 918 Decifionibus
1049 877 1086 914 in
1103 877 1355 915 contrarium
1376 877 1561 927 allegatis
1577 900 1589 918 ‚
1617 876 1710 926 quia
1732 875 1770 913 in
1788 874 1848 929 liis

539 946 619 973 non
635 932 684 972 de
699 931 861 970 defectu
878 927 1080 977 praemiffie
1099 928 1426 968 denunciationis
1442 954 1455 975 ‚
1481 928 1546 969 sed
1560 928 1611 967 de
1629 928 1719 967 aliis
1735 927 1850 966 deic-

540 986 669 1027 &ibus
685 986 874 1033 agebatur
892 1011 901 1021 .

490 1037 601 1082 Falsa
616 1039 783 1078 omnino
796 1034 901 1074 dicit
917 1057 929 1078 ‚
962 1045 1046 1087 qpoe
1063 1032 1284 1072 asstruntur
1298 1034 1348 1074 de
1365 1034 1551 1082 Episcopi
1571 1031 1847 1071 reluctantia,

542 1090 581 1129 in
599 1087 866 1127 admittendis
888 1085 1150 1123 Contratrum
1169 1087 1521 1133 protestationibus
1538 1110 1550 1129 ‚
1574 1097 1669 1124 cum
1696 1086 1734 1123 id
1753 1084 1849 1127 reji-

543 1142 677 1181 ciatur
691 1151 735 1177 ex
751 1140 886 1184 jurato
906 1137 1078 1176 duorum
1092 1137 1391 1177 Canonicorum
1409 1138 1656 1181 testimonio,
1684 1137 1752 1186 qui
1769 1137 1848 1176 Co·
1889 1182 1892 1186 ⁴

539 1192 674 1231 mitiis
693 1190 969 1230 interfuerunt
988 1218 998 1229 .
1031 1189 1189 1228 Falsum
1223 1189 1369 1229 itidem
1387 1216 1400 1235 ‚
1420 1190 1526 1239 quod
1541 1190 1759 1238 Episcopus
1785 1202 1851 1238 ge·

538 1245 647 1285 mina
663 1245 730 1283 fibi
763 1241 973 1291 suffragia,
1001 1242 1261 1290 totidemque
1292 1243 1458 1281 vicario
1488 1241 1670 1281 Foranco
1700 1240 1849 1280 adscri-

539 1296 664 1346 pserit
680 1321 690 1340 ,
720 1307 814 1333 curn
828 1303 986 1334 certum
1003 1294 1065 1338 sit,
1081 1293 1314 1333 Confratres
1347 1306 1422 1333 una
1436 1306 1528 1333 cum
1549 1294 1743 1343 Episcopo
1774 1305 1847 1332 nu-

537 1360 698 1388 merum
717 1345 959 1386 constituisse
977 1345 1242 1397 quadraginta
1273 1347 1473 1390 duorum,
1500 1346 1674 1385 collet‘ta
1705 1355 1843 1386 autem

536 1398 721 1450 suffragia
748 1411 959 1438 numerum
1004 1410 1081 1436 uon
1133 1397 1332 1437 excessisse
1375 1399 1498 1437 trium
1530 1399 1644 1445 supra
1675 1399 1846 1447 quadra-

534 1453 648 1503 ginta
664 1481 674 1495 .
706 1450 901 1492 Advertit
922 1451 1060 1500 itaque
1077 1475 1088 1494 ‚
1119 1451 1225 1501 quod
1257 1460 1453 1499 quatenus
1469 1451 1628 1488 nullum
1649 1450 1843 1500 Episcopo

536 1507 598 1551 jus
631 1502 728 1544 esset
756 1502 911 1543 ferendi
941 1501 1146 1550 suffragii,
1178 1503 1356 1550 demptis
1387 1502 1652 1541 nihilominus
1685 1503 1840 1541 duobus

533 1557 644 1597 votis
675 1557 818 1603 abipso
839 1556 876 1593 in
898 1566 1037 1592 urnam
1051 1554 1215 1593 collatis
1231 1580 1243 1599 ,
1275 1553 1519 1603 superessent
1549 1555 1680 1592 adhuc
1708 1553 1841 1592 suffra-

533 1609 598 1659 gia
617 1608 815 1658 viginti&
834 1618 956 1645 unum
974 1630 986 1652 ‚
1017 1617 1101 1656 qure
1118 1614 1278 1654 captam
1296 1606 1588 1645 resolutionem
1608 1614 1838 1650 tuerentur,

535 1661 630 1711 quia
647 1659 883 1699 Confratres
915 1668 1030 1697 erant
1058 1657 1326 1708 quadraginta
1349 1659 1388 1696 &
1418 1669 1517 1696 unus
1535 1687 1545 1696 .
1579 1657 1734 1696 Falsum
1767 1658 1839 1698 de-

534 1713 654 1761 nique
672 1737 684 1756 ‚
715 1712 819 1760 quod
841 1709 1059 1757 Episcopus
1075 1731 1088 1750 ‚
1117 1709 1155 1747 &c
1173 1709 1362 1747 vicarius
1377 1708 1577 1747 Foraneus
1604 1709 1836 1759 suffragium

533 1765 581 1802 ab
599 1774 839 1812 unoquoque
857 1772 903 1800 ex
919 1759 1202 1798 Confratribus
1232 1760 1269 1799 in
1286 1771 1427 1798 urnam
1457 1761 1740 1805 conjieendum
1775 1762 1836 1800 in·

530 1814 701 1853 viserint
718 1839 730 1858 ,
762 1815 799 1855 ἃς
813 1811 1096 1861 exquisiveriut
1114 1837 1126 1855 ‚
1155 1823 1247 1849 cum
1277 1814 1353 1850 hoc
1370 1837 1382 1854 ‚
1417 1821 1505 1850 tum
1526 1825 1570 1850 ex
1588 1813 1673 1860 ipfiS
1692 1813 1811 1852 Comi
1827 1838 1836 1842 -

532 1867 686 1905 tiorum
703 1866 856 1904 aeribus
874 1889 887 1908 ‚
900 1872 988 1902 tum
1005 1874 1054 1903 ex
1076 1862 1206 1903 relata
1222 1863 1525 1906 Canonicorum
1555 1865 1835 1912 depositione-2

530 1918 736 1959 exclusum
755 1924 964 1956 remaneat
979 1944 990 1955 .
1672 1936 1682 1952 s

477 1970 571 2009 Non
587 1969 788 2008 diffitetur
803 1977 941 2009 tamen
968 1968 1210 2007 Promothor
1225 1968 1386 2008 Fiscalis
1405 1994 1418 2013 ‚
1450 1969 1691 2009 sodalitatis
1720 1970 1835 2009 Prio-

532 2034 618 2060 rem
644 2033 764 2059 unum
781 2031 942 2060 tantum
972 2032 1016 2059 ea
1029 2020 1235 2059 occasione
1251 2020 1385 2060 tulisse
1400 2021 1629 2071 suffragium
1645 2035 1658 2062 ‚·
1675 2023 1830 2062 Verum

525 2073 706 2113 advertit
724 2099 736 2118 ‚
763 2074 942 2113 vetitum
969 2083 1171 2122 nunquam
1189 2072 1324 2112 eidem
1337 2071 1450 2112 fuisse
1468 2098 1480 2116 ‚
1511 2074 1606 2123 quin
1621 2075 1701 2113 duo
1715 2075 1829 2114 exhi-

524 2128 662 2165 beret.
698 2126 858 2174 lnsuper
872 2125 1060 2163 observat
1077 2150 1090 2168 ‚
1121 2136 1251 2173 neque
1277 2136 1325 2164 ex
1352 2125 1589 2164 Sodalitatis
1616 2126 1793 2165 Statutis
1812 2153 1826 2172 ‚

524 2191 596 2218 nec
625 2178 741 2217 ullibi
759 2179 932 2216 constare
961 2175 1011 2215 de
1037 2177 1125 2221 jure
1154 2176 1304 2215 Prioris
1333 2176 1478 2222 duplex
1499 2176 1660 2216 ferendi
1688 2178 1827 2218 suffra—-

520 2230 633 2280 gium
646 2244 659 2270 ‚·
677 2232 772 2280 quin
790 2230 916 2267 immo
933 2240 1056 2267 unum
1071 2237 1231 2267 tantum
1247 2228 1398 2268 dedisse
1416 2228 1660 2278 suffragium,
1678 2240 1821 2278 patere

526 2294 571 2321 ex
587 2281 781 2321 Comitiis
797 2280 945 2320 habitis
963 2279 1030 2319 die
1054 2279 1272 2328 13.Aprilis
1294 2286 1405 2326 1766.
1567 2285 1572 2288 '

471 2334 588 2378 Nihil
607 2334 818 2374 relevante
837 2358 850 2378 ‚
882 2333 988 2384 quod
1015 2332 1064 2370 ad
1078 2330 1288 2370 ferendum
1305 2332 1533 2382 suffragium
1551 2333 1705 2374 admissi
1722 2335 1825 2374 olim

518 2385 682 2426 fuissent
704 2394 788 2424 tres
804 2385 1045 2424 Sacerdotes
1072 2395 1197 2432 nuper
1221 2384 1327 2424 inter
1348 2385 1514 2424 Sodales
1540 2387 1656 2425 nullo
1672 2390 1823 2435 proeha-

517 2439 604 2478 bito
621 2438 827 2478 Scrutinio
841 2436 1056 2484 adscripti.
1086 2435 1316 2483 Respondet
1332 2437 1479 2486 quippe
1495 2461 1508 2479 ‚
1537 2450 1607 2477 eos
1623 2438 1735 2479 fuisse
1755 2439 1823 2477 ad-

517 2490 810 2539 scriptossenza
826 2490 955 2528 alcuna
981 2488 1283 2532 contradizzjone
1297 2513 1309 2531 ‚
1340 2499 1385 2528 ut
1404 2489 1442 2528 in
1459 2489 1557 2528 afris
1586 2490 1817 2540 congrega-

513 2541 640 2580 tionis
655 2542 808 2591 legitur
823 2572 836 2582 .
855 2540 1096 2591 Insuperque
1112 2550 1191 2578 non
1209 2539 1340 2580 deesse
1356 2542 1541 2590 exempla
1560 2543 1598 2581 in
1615 2543 1699 2591 ipsis
1716 2540 1824 2580 Con-

515 2595 800 2641 gregationum
815 2594 915 2634 ac‘tis
935 2594 1066 2633 relata
1082 2615 1096 2635 ‚
1125 2592 1231 2641 quod
1251 2594 1337 2631 solo
1363 2594 1430 2632 vel
1451 2593 1599 2632 Prioris
1617 2617 1630 2636 ‚
1662 2593 1726 2630 vel
1758 2594 1817 2632 al-

518 2645 646 2685 terius
671 2645 876 2686 Officialis
892 2644 1108 2688 consensu,
1132 2644 1284 2683 fuerint
1299 2644 1465 2684 Sodales
1493 2646 1633 2693 absque
1663 2644 1817 2684 Scruti-

518 2695 586 2738 nio
600 2695 639 2738 in
655 2697 792 2738 album
807 2699 954 2742 relati.
985 2696 1172 2752 Denique
1191 2705 1356 2738 cautum
1374 2697 1518 2743 injure
1535 2708 1612 2737 non
1632 2697 1817 2747 reperiri,

1776 2753 1823 2794 ad
