1914 2935
464 162 515 197 40
968 161 1026 185 ιο.
1044 145 1241 184 Februarii
1262 156 1374 191 ¹770.

467 201 535 251 qui
566 195 665 240 du'm
682 202 875 241 viveret,
908 198 975 237 sua
996 200 1238 238 haereditate
1257 202 1463 246 potiretur
1481 224 1490 235 .
1525 195 1716 242 Expressit
1732 206 1799 238 ta-

468 265 561 291 men
583 252 790 301 prohibuit
812 262 1114 301 quamcumque
1133 254 1331 289 bonorum
1350 248 1705 288 haereditariorum
1739 253 1803 290 di-

469 306 725 344 st1·a‹stionem
747 331 757 349 ,
789 315 834 341 ac
867 304 1219 351 permutationem
1239 327 1251 346 ‚
1284 301 1521 348 praecipiens
1554 317 1580 336 =
1611 315 1654 338 ne
1683 304 1802 351 voglio

467 357 562 406 poffir
595 357 758 406 tizgltarsi
775 356 891 393 alberi
905 357 1064 405 dapiedi
1085 381 1097 400 ‚
1111 358 1246 404 purch&
1275 355 1446 403 nonfiano
1463 354 1587 401 secchi
1607 379 1616 397 ,
1648 362 1708 390 mx·
1730 365 1802 402 per

473 411 611 457 bisogno
626 409 842 455 delfitdetto
863 410 974 446 Prete
989 433 1002 452 ‚
1018 410 1064 445 ed
1076 410 1186 445 erede
1197 417 1260 455 pro
1276 415 1428 455 tempore
1453 407 1566 442 debba
1597 406 1792 453 tagliare...

473 462 571 498 dalle
591 464 694 501 Croci
723 465 761 499 in
775 463 840 498 sd:
873 461 1053 499 Demum
1071 460 1295 499 haeredibus
1313 470 1413 497 onus
1434 458 1626 506 imposuit
1644 459 1684 494 di
1699 473 1799 496 man-

477 525 596 551 tenere
610 513 647 551 la
665 513 950 562 Chiesasudetta
966 513 1014 549 da
1030 514 1175 562 erigersi
1184 511 1342 561 provista
1356 513 1395 548 di
1408 521 1504 548 tutte
1521 510 1554 547 Ie
1560 510 1797 558 supellectili,

478 581 496 604 e
509 568 642 615 bisogni
657 564 835 618 neceffarj
848 594 858 605 .

429 619 651 660 Testatoris
683 620 872 657 voluntas
900 616 1138 658 adamuffim
1162 615 1242 655 fuit
1276 624 1483 667 exequuta
1514 640 1527 660 ‚
1559 617 1797 666 septemque

477 683 585 710 nunc
600 670 811 718 Capellani
828 670 1009 709 Ecclefiae
1025 669 1251 708 inserviunt
1270 669 1515 707 demandata
1529 669 1575 706 ab
1593 680 1641 706 eo
1658 681 1796 708 munia

474 731 720 773 peragentes
740 748 753 768 ‚
785 734 883 774 quos
905 723 1012 762 inter
1029 721 1432 774 CajetanusBenedetti
1445 745 1457 764 ,
1473 721 1540 769 qui
1556 722 1679 758 haeres
1696 734 1797 770 quo-

476 788 554 825 que
570 788 675 814 nnnc
692 776 822 815 existit
840 804 850 814 .
868 773 972 814 Cum
1000 783 1140 814 autem
1172 773 1400 811 imminutis
1433 773 1796 811 haereditatis-rru-

417 849 420 854 -
475 829 603 866 &ibus
622 854 635 874 ,
663 828 796 878 gravis
812 827 1028 866 immineat
1056 827 1272 866 domorum
1290 826 1525 863 rusticarum
1557 825 1793 873 reparatio,

471 888 702 931 urgentque
720 881 920 919 sacrorum
938 878 1257 927 supellectilium
1272 877 1436 926 penuria
1453 902 1466 921 ‚
1493 878 1665 923 postulat
1684 877 1792 916 idem

477 931 674 984 cajetanus
701 931 947 972 facultatem
976 929 1182 969 incidendi
1201 930 1415 968 nonnullas
1443 929 1603 968 arbores
1633 928 1795 974 aridas,

471 984 734 1033 infrugiferas
750 1011 764 1030 ‚
793 998 839 1024 ac
858 983 942 1024 fere
961 983 1128 1021 inutiles
1145 995 1165 1021 a
1191 979 1331 1021 Petito
1345 981 1567 1028 descriptas
1586 1007 1598 1023 ‚
1618 989 1663 1018 ut
1679 993 1725 1019 ex
1747 982 1796 1018 il·

471 1037 603 1076 larum
625 1038 760 1086 pretio
788 1037 943 1075 Domos
975 1036 1217 1079 restaurare,
1247 1037 1439 1085 iactaque
1460 1033 1792 1082 supp-ellectum,

473 1099 708 1138 comparare
727 1090 865 1128 valeat
879 1119 891 1135 ,
1376 1090 1379 1094 ’

421 1141 589 1191 Inquit,
614 1140 847 1181 incisionem
877 1144 1064 1189 arborum
1093 1154 1114 1182 a
1146 1142 1356 1182 Testatore
1385 1139 1613 1188 permissam
1648 1138 1792 1186 fuisse,

471 1190 634 1243 quando
648 1193 764 1231 causa
782 1193 1012 1234 sterilitatis
1031 1222 1044 1240 ,
1059 1196 1125 1234 vel
1144 1194 1394 1234 necestitatis
1414 1201 1578 1241 urgeret
1595 1221 1604 1230 .
1623 1191 1798 1231 Utram-
1845 1217 1849 1219 >

470 1256 551 1293 que
577 1244 699 1282 modo
712 1257 957 1286 concurrere
972 1271 985 1289 ,
1015 1259 1109 1284 cum
1129 1247 1284 1285 reditus
1304 1245 1555 1284 haereditatis
1585 1244 1686 1284 adeo
1717 1246 1794 1283 sint

469 1295 710 1340 imminuti,
742 1305 785 1335 ut
804 1297 988 1344 impletis
1004 1297 1192 1337 oneribus
1210 1297 1341 1337 exitus
1358 1299 1518 1344 superet
1543 1297 1762 1334 introitum
1778 1309 1794 1336 ,-

466 1346 650 1385 Rusticas
683 1360 783 1387 vero
803 1349 956 1388 Domos
973 1350 1144 1388 maxima
1174 1348 1294 1398 egere
1314 1348 1605 1388 restauratione
1623 1373 1635 1392 ‚
1657 1349 1796 1387 Eccle-

464 1402 643 1449 fiamque
658 1399 777 1439 saeris
803 1401 1124 1450 supellectilibus
1142 1400 1330 1440 destitui.
1347 1400 1571 1440 Concludit
1590 1401 1794 1449 itaquesin

465 1453 530 1491 his
545 1452 858 1491 circumstantiis
873 1453 1137 1493 necessariam
1164 1453 1334 1492 omnino
1352 1452 1427 1492 esse
1459 1452 1692 1490 incisionem
1714 1455 1793 1490 Ar·
1820 1499 1824 1502 Α

466 1505 609 1543 borum
626 1528 638 1548 ,
668 1516 763 1553 quas
783 1503 944 1544 Peritus
973 1504 1230 1555 infrugiferas
1247 1529 1260 1548 ,
1293 1505 1460 1544 inutiles
1479 1529 1490 1548 ‚
1524 1505 1561 1543 ἃ
1578 1505 1790 1543 damnosas

466 1555 615 1596 retulit
630 1580 643 1600 ,
671 1557 708 1595 Sc
755 1569 926 1606 quarum
971 1558 1087 1606 copia
1129 1559 1206 1596 huc
1239 1557 1340 1596 illuc
1370 1570 1440 1604 per
1484 1569 1599 1605 agros
1638 1557 1792 1603 disper-

466 1610 520 1651 sa,
539 1607 695 1647 nullam
713 1609 829 1648 affert
851 1610 1100 1655 utilitatem,
1119 1610 1247 1647 immo
1266 1609 1425 1656 praediis
1444 1618 1564 1648 nocet
1580 1623 1594 1649 ³·
1614 1608 1791 1656 Ipsarum

466 1658 637 1708 proinde
656 1660 889 1700 incisionem
908 1662 1095 1708 permitti
1115 1661 1427 1704 solere‚etiamsi
1448 1660 1669 1698 Testatori5
1690 1672 1791 1702 ιπε-

408 1722 411 1725 ’
464 1719 634 1760 ceptum
649 1712 818 1750 obstaret
833 1715 914 1750 Rot.
930 1717 968 1749 in
983 1715 1231 1751 Ravennaten.
1243 1714 1344 1763 juris
1359 1714 1660 1761 lignandiffsuoad
1678 1714 1790 1750 Pine-

410 1770 424 1809 ζ.
468 1775 506 1802 ta
520 1774 644 1808 magna
667 1775 725 1809 ¹7·
746 1763 905 1811 Januar.
926 1774 1040 1809 1755.
1056 1772 1092 1804 §-
1120 1776 1177 1804 13.
1196 1777 1265 1802 cor.
1297 1765 1344 1803 cl.
1375 1778 1476 1802 mem.
1509 1766 1619 1804 card.
1653 1766 1760 1812 Btcffio
1775 1790 1789 1810 ,

411 1818 419 1847 Ξ
468 1813 687 1865 praesertim
702 1815 860 1864 quando
877 1827 1017 1854 earum
1033 1815 1215 1863 pretium
1232 1828 1309 1853 non
1341 1817 1377 1853 in
1400 1816 1628 1855 beneficiati
1647 1829 1791 1854 como-

465 1869 563 1907 dum
579 1865 690 1904 cedit
707 1892 719 1910 ‚
736 1866 802 1904 sed
821 1876 1011 1916 erogatur
1025 1867 1062 1904 in
1082 1867 1198 1914 ipsius
1230 1868 1416 1907 Ecclefiae
1449 1869 1681 1907 utilitatem
1700 1895 1711 1914 ,
1743 1870 1783 1907 Sc

468 1920 614 1957 ineam
630 1919 788 1957 causam
803 1945 815 1964 ,
847 1919 912 1957 cui
931 1919 1097 1957 aliunde
1114 1919 1321 1966 provideri
1341 1932 1418 1959 non
1437 1920 1553 1968 poffit
1568 1949 1578 1959 .

411 1970 612 2014 'Advertit
642 1970 954 2019 etiam,petitae
974 1970 1155 2009 incifioni
1184 1972 1374 2011 affensum
1419 1974 1590 2020 praebere
1626 1971 1787 2020 Episco-

464 2035 559 2072 pum
574 2047 587 2066 ‚
604 2024 823 2073 omnesque
840 2021 1030 2062 interesse
1047 2024 1241 2061 habentes
1260 2038 1274 2063 ,-
1295 2024 1560 2071 spernendam
1592 2025 1692 2061 vero
1711 2038 1789 2074 op-

463 2075 705 2125 pofitionem
734 2074 1146 2117 FrancisciRoberti‚
1175 2075 1242 2123 qui
1276 2087 1353 2113 non
1381 2077 1433 2115 est
1455 2075 1666 2124 legitimus
1693 2089 1787 2115 con„

462 2127 689 2169 tradicior,
717 2138 810 2164 cum
842 2127 991 2164 nonnifi
1021 2126 1058 2164 in
1081 2135 1266 2165 extremo
1282 2133 1370 2165 casu
1402 2127 1583 2166 defectus
1620 2128 1786 2167 descen-

461 2179 650 2217 dentium
666 2179 849 2216 0mnium
867 2189 913 2216 ex
934 2178 1116 2217 Familiis
1131 2179 1315 2218 Novelli.
1345 2181 1383 2218 Sc
1413 2181 1608 2217 Benedetti
1635 2181 1683 2218 ad
1711 2183 1783 2218 lia:-

409 2245 413 2253 ·
460 2231 651 2270 feditatis
667 2230 954 2277 compendium
973 2228 1096 2269 fuerit
1116 2240 1311 2275 vocatur,
1339 2232 1375 2271 Sc
1404 2232 1581 2277 pluribus
1613 2235 1688 2271 hoc
1724 2235 1787 2282 ip-

460 2284 548 2323 sum
575 2283 841 2322 demonstrare
860 2282 1006 2320 nititur
1026 2312 1034 2321 .
1056 2283 1087 2321 A
1105 2282 1214 2321 dicio
1233 2292 1372 2322 autem
1394 2284 1561 2322 Roberti
1579 2311 1590 2328 ‚
1609 2285 1677 2335 qui
1698 2286 1784 2323 uni-

462 2347 532 2374 cus
552 2336 602 2374 est
618 2335 895 2374 contraditum
911 2335 1069 2373 nullum
1086 2337 1161 2374 huc
1194 2336 1314 2385 usque
1333 2337 1518 2375 libellum
1540 2338 1750 2375 habuimus
1768 2365 1779 2376 .

411 2388 634 2439 Episcopus
650 2388 756 2426 inter
771 2397 925 2425 coetera
953 2389 1034 2426 haec
1051 2389 1171 2426 habet
1185 2403 1212 2423 =
1230 2389 1389 2437 Testatur
1402 2388 1621 2435 facultatem
1646 2390 1783 2426 bared}

462 2443 596 2478 trissant
623 2442 761 2477 arbores
778 2441 971 2477 excidendi
986 2441 1092 2489 usque
1109 2441 1158 2476 [ια’
1169 2452 1306 2478 certam
1336 2442 1546 2478 altitudinis
1576 2443 1778 2488 mensuram

462 2493 572 2530 dalla
586 2491 721 2531 Croce
744 2492 783 2530 in
801 2494 844 2530 Sil
862 2517 871 2535 ,
890 2491 1139 2541 &lignamina
1155 2495 1204 2529 ad
1214 2497 1396 2542 proprium
1413 2495 1564 2531 heredis
1583 2493 1682 2540 usum
1697 2506 1781 2530 con-

462 2546 559 2581 cedit
573 2568 585 2586 ‚
601 2543 705 2581 nulla
732 2558 951 2594 quacumque
966 2547 1263 2586 arborumaetiam
1281 2550 1528 2593 vegetantium
1545 2548 1780 2593 exceptaspe*

463 2599 516 2631 cie
533 2624 541 2632 .
568 2597 704 2633 Orator
719 2607 840 2635 autem
873 2597 1030 2634 valorem
1046 2600 1211 2634 arborum
1232 2623 1245 2642 ‚
1262 2601 1448 2648 omniaque
1477 2598 1674 2646 lignamina
1706 2600 1781 2632 in.»

458 2646 751 2694 restaurationem
766 2651 951 2686 damarum
966 2649 1146 2688 ruralium
1159 2676 1171 2695 ‚
1205 2654 1248 2693 εἷς·
1260 2653 1528 2689 renovationem
1545 2648 1779 2697 suppellefii-

460 2697 552 2738 lium
566 2697 729 2750 Ecclefiae
754 2703 959 2752 impendere
976 2704 1022 2753 est
1028 2712 1206 2753 paratus:
1232 2705 1314 2742 hinc
1333 2701 1440 2754 rejtci
1467 2711 1627 2741 meretur
1654 2701 1776 2750 OPPOst·

1731 2762 1780 2793 (10
