1865 2935
434 136 495 170 ις.
513 128 731 176 Septembris
755 140 866 172 ¹770·
1319 140 1395 177 257

21 182 34 201 e
121 178 396 221 AURINEN.
429 177 972 221 IRREGULARITATIS.
1007 178 1178 219 loannes
1199 180 1396 222 Fracchia
1439 181 1702 230 Scffi14.eap.
1733 189 1775 228 7.

133 244 180 271 ex
200 233 394 281 Oppido,
422 231 533 283 quod
559 240 707 270 vacant
748 232 909 270 cavaret
936 234 1134 282 Magiore‚
1179 232 1251 269 Vir
1280 233 1362 273 fuit
1381 260 1396 281 ‚
1437 236 1485 273 de
1499 235 1658 279 Refhrm.

58 285 109 324 ad
132 285 235 324 iram
252 284 597 334 pronus‚auc1ax‚
623 283 935 333 multiplicique
968 285 1086 329 culpa
1119 283 1354 333 inquinatus
1382 314 1394 325 .

61 337 133 376 Ob
165 345 376 385 corruptos
403 338 474 376 hos
505 347 639 376 mores
671 333 792 376 Pater
822 337 908 381 ejus
942 337 1112 385 Joannes
1145 335 1318 384 Baptista
1340 336 1398 375 in-

68 390 212 428 stituto
238 389 324 429 filio
357 388 395 426 in
425 387 508 429 sola
535 387 723 436 legitima
751 412 765 432 ‚
797 387 835 427 in
864 399 984 437 quam
1030 387 1227 435 imputari
1258 387 1397 426 voluit

73 442 196 480 libras
213 449 382 480 centum
401 440 438 481 in
459 441 544 485 ejus
559 438 716 482 causam
745 440 827 486 jam
854 448 1040 490 erogatas
1057 463 1070 482 ‚
1100 439 1299 479 haeredem
1331 439 1400 478 fibi

74 493 228 540 scripsit
270 492 498 534 Diaconum
527 491 721 542 ,loannem
765 502 812 530 ex
850 490 984 530 altero
1029 491 1115 531 filio
1158 491 1399 539 Nepotem„

74 547 327 593 morigerum
351 569 364 588 ‚
394 543 652 595 pluribusque
682 541 808 581 animi
834 542 997 582 dotibus
1028 543 1363 582 commendatum
1383 573 1393 583 .,

73 597 203 636 Causa
233 597 325 636 hinc
356 595 748 644 iiidignationis‚l&
776 594 861 633 odii
899 593 1039 635 Patrui
1069 596 1106 635 in
1139 595 1349 642 Nepotem
1383 621 1398 641 ,

80 658 207 698 atque
242 649 358 698 origo
394 647 647 688 diffidiorum
679 674 690 686 .
723 646 821 685 Haec
851 645 1020 687 Parochi
1049 660 1127 696 ope
1151 671 1165 690 ,
1207 648 1246 686 Sc
1275 648 1396 686 Ami-

80 711 222 741 corum
263 700 430 739 conlilio
468 698 670 748 compesci
711 698 946 748 aliqualiter
985 708 1208 749 potuerunt
1236 725 1249 744 ‚
1279 711 1390 738 non-

75 761 215 791 tamen
244 753 406 801 penitus
434 751 614 802 extingui
653 779 663 791 .
695 749 868 790 Tradita
907 752 1018 793 enim
1046 754 1093 791 ab
1134 752 1276 789 haerede
1302 753 1392 799 aesIi-.

79 809 233 842 macione
269 806 468 854 legitima,
496 805 652 852 exceptis
672 802 784 842 libris
827 814 993 843 centum
1027 830 1040 850 ‚
1069 815 1165 855 quas
1207 802 1395 842 Testator

77 856 242 902 jusserat
268 858 306 895 in
339 858 453 897 illam
482 854 560 895 effe
587 854 842 903 imputandas
859 868 874 895 2·
899 855 1070 895 Patruus
1101 864 1215 895 tanta
1242 855 1388 893 exarfit

79 909 317 954 iracundia,
346 918 392 948 ut
411 908 692 960 quadamdie,
719 907 898 947 districto
928 908 1095 958 gladio,
1122 906 1170 947 ad
1208 908 1389 947 Domum

76 961 251 999 Diaconi
279 960 489 1001 accesserit
509 986 521 1005 ‚
552 960 646 1000 &in
674 971 767 999 eum
799 961 900 1000 licet
925 962 1134 1000 absentem
1167 967 1386 998 contume-

79 1013 186 1050 liosis
208 1013 381 1061 primum
402 1012 569 1061 prolatis
596 1012 729 1051 verbis
745 1036 757 1055 ‚
786 1012 937 1052 deinde
955 1014 993 1051 in
1012 1013 1192 1052 Matrem
1208 1034 1221 1055 ‚
1242 1011 1280 1050 Sc
1314 1012 1387 1050 So-

76 1076 212 1105 rorem
239 1064 394 1109 lapides
431 1063 600 1109 injicere
640 1065 894 1110 tentaverit,
928 1077 1014 1116 quae
1047 1066 1187 1104 clauso
1216 1063 1318 1102 ostio
1345 1064 1388 1102 in

77 1115 246 1156 domum
277 1117 357 1155 sese
379 1117 559 1165 recipere
577 1115 724 1155 coactae
742 1115 831 1155 sunt
846 1144 856 1155 .

26 1169 229 1212 Occurrit
253 1167 427 1213 Populus
444 1193 455 1212 ,
489 1169 527 1207 Sc
556 1168 800 1206 clamoribus
819 1168 1022 1207 excitatus
1048 1167 1256 1206 Diaconus
1268 1165 1385 1216 Joan·

80 1232 149 1260 nes
179 1220 346 1267 Baptista
366 1243 378 1261 0
410 1221 479 1269 qui
511 1220 548 1259 in
568 1219 701 1258 Domo
717 1220 738 1257 ὲ
754 1220 916 1269 regione
935 1221 1004 1259 sita
1022 1221 1211 1259 manebat
1227 1243 1240 1263 ‚
1257 1219 1394 1258 furen-

74 1281 166 1312 tem
184 1274 394 1315 Pati-uum,
415 1272 452 1312 Sc
471 1273 605 1320 pejora
624 1272 884 1310 minitantem
903 1272 1110 1320 conspexit
1129 1295 1142 1313 ς
1165 1271 1310 1321 absque
1341 1283 1390 1310 eo

81 1325 189 1375 quod
217 1336 263 1362 ex
289 1324 395 1364 atrio
426 1323 500 1362 suae
516 1324 672 1361 Domus
701 1321 827 1369 posset
846 1323 1075 1362 removeri.
1107 1322 1278 1361 Timcns
1309 1323 1393 1361 ita·

82 1387 162 1426 que
193 1375 418 1423 proximam
435 1399 447 1418 ‚
475 1377 638 1426 jamque
657 1376 947 1414 comminatam
965 1374 1114 1414 caedcm
1145 1372 1293 1413 Matris
1310 1400 1322 1418 ‚
1351 1375 1391 1413 δε

84 1428 273 1471 sororis,
302 1428 474 1476 arreptis
519 1428 671 1467 duobus
722 1427 866 1475 sclopis
894 1427 944 1465 ad
973 1426 1177 1474 propriam
1210 1426 1390 1465 Domum

79 1479 245 1519 acceffit
261 1508 270 1519 .
291 1480 410 1519 Hunc
425 1492 521 1519 vero
535 1504 547 1522 ‚
566 1488 610 1517 ut
627 1479 732 1518 vidit
749 1478 933 1524 Patruus,
949 1478 1078 1528 gladii
1094 1478 1217 1516 iftum
1237 1478 1274 1516 in
1295 1489 1390 1517 cum
1415 1506 1418 1509 .

80 1532 267 1571 cominus
299 1532 473 1570 vibravit
492 1561 501 1572 .
535 1531 651 1570 Tunc
673 1531 877 1571 Diaconus
894 1556 905 1576 ,
938 1531 1119 1579 sclopum
1136 1531 1308 1576 explosit
1325 1554 1339 1574 ‚
1353 1531 1392 1569 Sc

79 1583 307 1625 laethaliter
338 1583 568 1623 vulneravit
597 1582 791 1622 Patr-uum
823 1605 838 1627 ‚
865 1583 934 1632 qui
963 1591 1103 1622 tamen
1131 1580 1392 1630 fugientem-2

80 1634 294 1683 Nepotem
328 1636 590 1687 insequutu5‚
621 1643 744 1686 atque
774 1633 973 1685 aggressus
1002 1659 1016 1680 ‚
1042 1634 1195 1682 septem
1225 1633 1264 1671 in
1296 1645 1393 1673 eum

80 1689 250 1728 vulnera
281 1685 463 1737 infligit,
488 1689 538 1726 ob
573 1700 658 1740 quae
675 1688 856 1737 graviter
890 1687 939 1726 ad
963 1697 1108 1726 necem
1134 1685 1255 1735 usque
1271 1697 1392 1735 egro-

80 1740 215 1779 tavit:
248 1738 334 1788 Ipse
363 1742 462 1780 vero
489 1739 633 1779 lethali
653 1739 778 1788 sclopi
804 1739 884 1778 istu
913 1738 1069 1778 saucius
1098 1761 1112 1782 ‚
1140 1737 1180 1778 Sc
1209 1736 1257 1776 ad
1284 1748 1392 1776 mor-

76 1799 167 1831 tem
194 1803 409 1840 properans
427 1818 439 1838 ‚
467 1791 623 1839 Nepoti
639 1792 733 1830 data
749 1791 868 1830 venia
885 1816 898 1836 ,
916 1789 1102 1839 postridie
1116 1789 1310 1828 occubuit
1324 1818 1335 1828 .

27 1838 152 1882 Curia
171 1844 540 1893 Archiepiscopalis
559 1842 927 1893 Taurincn.-statim
945 1843 986 1882 in
1004 1841 1233 1881 Diaconum
1251 1840 1387 1891 inqui-

70 1895 201 1940 sivit,
229 1904 407 1947 eumque
437 1896 702 1945 irregularem
741 1896 1000 1935 renunciavit
1030 1920 1044 1940 ‚
1072 1906 1116 1934 ac
1145 1893 1382 1933 sententia.»

81 1947 294 1987 damnavit
309 1950 357 1988 ad
382 1949 600 1988 Carcerem
629 1960 699 1996 per
727 1947 911 1988 semestre
930 1949 968 1987 in
997 1946 1198 1997 Religiosa
1215 1946 1350 1985 Domo
1368 1971 1382 1985 .

77 1997 167 2037 1³0st
193 2000 346 2048 lapsum
383 2013 578 2040 annorum
607 1999 838 2046 sexdecim(
859 2000 970 2040 casus
1000 2000 1109 2039 enim
1133 1997 1286 2037 accidit
1314 2010 1382 2036 an·

80 2062 135 2088 no
154 2054 298 2098 1754.)
327 2053 525 2102 supplicat
554 2065 627 2099 pro
655 2052 953 2100 dispensatione
980 2053 1027 2092 ab
1053 2050 1379 2101 irregularitate,

81 2110 128 2140 ut
140 2101 194 2155 *ad
211 2102 548 2153 Praesbyteratum
565 2103 683 2154 poffit
701 2105 934 2152 promoveri
952 2133 964 2143 .
1363 2117 1373 2124 ‘⁴

28 2153 187 2210 lnquit,
205 2153 549 2204 irregularitatem
564 2158 612 2196 ab
638 2170 688 2195 eo
715 2169 970 2209 nequaquam
1000 2155 1179 2200 incurri,
1205 2153 1273 2204 qui
1300 2165 1380 2192 non

77 2203 196 2244 dedit
211 2217 374 2254 operam
390 2209 447 2247 rei
475 2209 632 2248 illicita:
645 2233 658 2253 ‚
677 2209 743 2248 sed
767 2209 818 2248 ad
832 2209 891 2248 sui
906 2218 1068 2248 tantum
1085 2207 1379 2251 defensionem..

44 2271 46 2273 ’
76 2269 125 2296 ac
155 2257 315 2296 servato
343 2259 622 2298 moderamine
661 2262 875 2308 inculpatae
903 2261 1047 2300 tutelae
1079 2259 1379 2298 homicidium..

78 2309 357 2349 commiserit:
387 2322 458 2349 nec
483 2310 565 2348 dici
588 2308 692 2357 posse
709 2334 723 2354 ‚
752 2311 859 2360 quod
874 2324 1040 2361 operam
1057 2311 1114 2350 rei
1133 2310 1292 2348 illicitae
1305 2310 1379 2348 de·
1399 2334 1431 2365 '-

73 2361 213 2406 derit,
244 2361 314 2412 qui
340 2361 469 2401 subita
499 2362 626 2400 animi
651 2364 999 2408 perturbatione,
1028 2363 1293 2412 ingenitoque
1320 2360 1381 2398 in-..
1419 2362 1424 2367 “

74 2414 217 2452 tinctu
240 2413 397 2458 Matri,
423 2415 460 2453 δε
489 2413 623 2451 Sorori
652 2413 848 2452 auxilium
875 2413 1059 2457 ferendi,
1089 2411 1377 2460 propriamque

73 2465 208 2504 vitam
238 2466 397 2510 tuendi,
411 2476 521 2505 arma
538 2464 750 2510 sumpserit
768 2475 842 2514 cap.
861 2466 945 2503 olim
959 2467 1004 2502 de
1032 2465 1143 2512 restit.
1163 2462 1271 2511 spol„
1291 2461 1381 2499 Rre-

72 2521 149 2555 σίας
180 2521 218 2554 in
243 2527 346 2565 prax.
375 2526 500 2566 par-1.
533 2517 719 2564 Resoluc.3
731 2530 789 2559 25.
821 2521 860 2554 in
881 2516 1011 2564 fin.'§.·
1029 2514 1295 2564 Reperiuntur.
1316 2516 1376 2561 De

73 2569 278 2608 violentia
294 2578 432 2608 autem
450 2595 462 2613 ‚
477 2577 600 2619 atque
619 2568 822 2606 iracundia
840 2567 1026 2616 redargui
1049 2579 1124 2605 non
1143 2565 1264 2605 nosse.
1283 2578 1377 2611 ωιτη

69 2620 260 2661 a·Patruo
279 2620 477 2670 aggressus
493 2620 671 2660 districto
687 2620 824 2668 gladio
840 2644 853 2662 ‚
876 2621 913 2658 St,
930 2620 976 2656 ad
996 2630 1137 2657 necem
1158 2618 1378 2658 lacessitus.

64 2672 253 2724 fugiendi
275 2673 468 2724 praecluso
483 2672 597 2714 aditu
614 2695 629 2717 ‚
647 2672 810 2712 coaetus
825 2671 904 2712 fuit
921 2672 1103 2721 sclopum
1123 2670 1163 2712 in
1180 2670 1378 2711 Parrum
