1914 2935
483 42 561 85 864
814 82 821 89 ⁸
981 36 1040 73 16.
1059 32 1173 84 Jum'i
1195 49 1306 84 1770.

479 84 723 143 Patocbiam
740 106 756 128 ‚
780 82 909 141 divisa
940 88 1022 135 post
1047 88 1209 128 Pianam
1226 89 1559 129 constitutionem
1594 88 1675 127 fuit
1711 95 1806 136 cum

479 138 652 184 aetuans
666 136 714 193 ab
727 137 929 194 habituali
946 162 960 182 ,
973 148 1103 189 atquae
1121 144 1201 181 haec
1214 153 1337 189 penes
1353 141 1591 190 Capitulum
1624 142 1766 181 relicta
1787 168 1801 188 ‚

480 196 555 236 illa
572 190 673 232 verb
691 201 730 228 in
748 188 962 229 Vicarium
975 194 1178 232 translata
1195 222 1206 234 .
1233 194 1392 234 Placuit
1426 194 1478 233 sa.
1498 205 1621 232 mem.
1642 193 1803 243 Grego-

478 248 542 290 rio
561 242 682 285 XIII.
698 250 782 280 tres
797 242 900 282 alias
913 242 1108 284 finitimas
1129 243 1344 286 parochias
1361 247 1495 286 eidem
1526 246 1698 285 Basilicae
1718 248 1804 284 uni-

479 313 523 341 re
538 323 552 343 ‚
566 295 613 338 ex
629 305 798 351 quarum
816 295 1015 335 reditibus
1029 295 1266 346 Collegium
1302 299 1641 340 Beneficiatorum
1666 299 1808 337 consti-

478 352 596 394 tuit,
620 349 832 404 aliarnque
851 358 982 388 erexit
1012 359 1254 398 perpetuam
1297 352 1502 391 Vicariam
1532 364 1624 390 curn
1653 363 1808 390 onere,

479 397 751 456 coadiuvandi
772 400 1074 447 Vicariumjam
1095 403 1410 451 praeexistentem
1441 405 1480 444 in
1510 402 1616 442 Cura
1637 403 1809 442 Anima-

481 468 569 496 rum
587 483 596 493 .
625 452 823 491 Geminas
866 453 983 493 hasce
1027 453 1214 496 Vicarias
1256 456 1412 496 sustulit
1456 458 1505 496 sa.
1549 467 1670 494 mem.
1704 455 1803 494 Cle-

483 519 597 548 mens
612 503 727 544 VIII.
748 529 760 547 ,
779 505 994 557 univitque
1013 505 1210 554 Capitulo
1229 509 1569 549 Beneficiatorum
1585 533 1597 552 ‚
1629 518 1801 558 quorum

482 570 698 600 numerum
711 558 1114 610 auxit‚voluitque‚
1144 569 1186 599 ut
1215 573 1315 600 unus
1343 573 1390 601 ex
1422 560 1678 600 Beneficiatis
1707 556 1809 599 esset

482 611 672 652 vicarius
689 619 928 659 perpetuus,
944 613 1050 650 alter
1069 614 1168 651 vero
1184 613 1411 653 Coadiutor
1426 640 1437 658 ,
1456 625 1554 663 quos
1573 613 1681 650 inter
1699 623 1811 650 emo·-

480 665 668 704 lumenta
684 689 698 708 ‚
717 676 801 715 quae
821 663 976 702 incerta
995 675 1293 712 nuncupantur,
1313 667 1436 714 aequis
1460 664 1716 714 portionibus
1747 663 1811 702 di·-

484 717 750 757 viderentur.
771 715 892 755 Ortis
911 715 1057 754 deinde
1089 719 1295 756 nonnullis
1327 717 1604 768 quaestionibus
1622 742 1635 761 ‚
1670 715 1810 763 dispu-

485 778 620 808 tatum
638 770 690 807 est
705 770 764 805 die
783 781 844 814 29.
860 769 1022 817 Augusti·
1042 781 1155 816 1744.
1172 774 1226 807 lin
1245 772 1404 808 Romana
1437 770 1591 819 Jurium
1610 770 1812 809 parochia·

483 822 575 860 lium
591 820 638 859 V.
658 836 685 857 ε.-
701 820 774 858 An
793 819 915 868 Miffae
928 824 967 857 in
982 822 1106 858 diebus
1118 821 1217 870 festis
1250 821 1471 872 applicanda*
1495 831 1561 871 pro
1591 821 1724 870 Populo
1741 835 1809 858 ve-

486 873 828 914 niantalternatim
853 882 918 921 per
942 873 1078 920 eosdem
1109 874 1355 919 celebranda,
1377 877 1456 924 five
1483 878 1600 923 potius
1632 874 1809 922 applicari

485 927 639 964 debeant
655 939 675 962 a
694 924 771 973 solo
792 926 946 963 Vicario
967 935 1135 975 perpetuo
1152 931 1190 964 in
1206 928 1289 976 casu
1305 931 1379 971 εἴγε.
1397 943 1423 963 .-.
1452 927 1490 966 δέ
1512 927 1547 964 S.
1564 925 1802 975 Congrega-

488 979 549 1016 tio
564 977 771 1024 respondit
790 978 838 1013 ad
856 988 1006 1015 mentem
1022 992 1034 1018 ‚·
1055 991 1166 1017 mens
1180 989 1319 1019 autem
1339 979 1418 1019 fuit
1433 1004 1445 1022 ,
1473 980 1568 1028 quod
1586 981 1805 1015 exercitium

489 1031 814 1075 Cura-&dividatur
830 1055 842 1074 ,
865 1032 965 1067 itaut
993 1029 1203 1068 alternatim
1230 1041 1292 1079 per
1320 1033 1559 1069 hebdomadas
1587 1043 1674 1067 unus
1707 1042 1809 1066 exer-

487 1093 563 1120 ceat
577 1086 676 1118 intra
689 1107 701 1125 ‚
736 1081 829 1117 alius
848 1091 951 1118 extra
983 1084 1140 1121 vrbem·
1170 1086 1369 1132 incipiendo
1390 1098 1410 1120 a
1435 1086 1479 1120 V
1476 1086 1586 1121 icario
1611 1090 1777 1130 perpetuo
1791 1105 1804 1124 ‚

487 1138 530 1177 ἐφ’
559 1135 684 1170 eadem
713 1133 936 1172 alternativa
964 1135 1079 1172 locum
1115 1137 1244 1173 haheat
1271 1140 1307 1174 in
1336 1137 1572 1186 applicatione
1597 1134 1716 1182 Miffie
1743 1143 1807 1182 pro

488 1186 618 1235 Populo
633 1215 643 1224 .

434 1239 613 1280 Ecclesia
631 1237 886 1276 Parochialis
901 1237 1085 1276 &Mariae
1103 1237 1166 1276 del
1185 1237 1311 1276 Piano
1331 1238 1467 1278 Terrae
1484 1237 1698 1277 Montellae
1717 1235 1805 1275 Nu-

484 1291 609 1330 scanae
630 1289 827 1328 Dioeccfis
846 1314 859 1332 ,
880 1291 1015 1328 ere-sta
1029 1289 1107 1329 fuit
1130 1290 1457 1339 inCollegiatam
1476 1290 1624 1338 praevia
1660 1289 1810 1328 unione

486 1342 658 1382 aliarum
678 1341 772 1379 oCto
800 1341 1133 1385 parochialium,
1164 1344 1402 1392 septemque
1433 1342 1699 1380 Ecclefiarum
1730 1347 1810 1379 non

482 1393 787 1433 Parochialium
807 1419 818 1438 ,
836 1395 1125 1444 mandavitque
1146 1396 1332 1433 Summus
1354 1394 1536 1433 Pontifex
1558 1393 1644 1432 Leo
1662 1392 1733 1437 X.,
1765 1398 1810 1431 ut
1847 1438 1857 1444 ,

487 1446 528 1485 in
541 1446 705 1495 fingulis
719 1446 812 1484 0610
829 1447 1038 1485 Parocniis
1054 1473 1067 1491 ‚
1084 1448 1262 1486 totidem
1278 1448 1326 1486 ad
1348 1457 1493 1485 nutum
1522 1445 1676 1484 Vicarii
1694 1457 1810 1484 amo·
1849 1467 1857 1474 =

482 1498 633 1538 vibiles
651 1523 663 1541 ‚
689 1510 783 1537 cum
805 1498 1100 1545 affignamento
1117 1500 1358 1538 ducatorum
1388 1500 1481 1538 ot‘to
1516 1511 1586 1546 pro
1619 1497 1808 1547 quolibet

485 1551 830 1590 constituerentur
847 1580 856 1589 .
875 1550 1042 1600 Jufferat
1063 1552 1276 1600 Episcopus
1291 1578 1303 1596 ,
1324 1561 1366 1590 ut
1390 1551 1658 1601 unusquisque
1673 1561 1719 1588 ex
1738 1549 1811 1589 Vi-

481 1602 601 1642 cariis
618 1601 779 1641 Miffam
798 1614 869 1650 pro
889 1603 1046 1652 Populo
1075 1605 1301 1643 celebraret
1320 1630 1331 1646 ‚
1361 1605 1426 1642 sed
1460 1604 1507 1641 iis
1538 1602 1802 1641 renuentibus

481 1654 713 1699 hujusmodi
744 1667 845 1693 onus
872 1656 1000 1694 subire
1019 1682 1031 1700 ‚
1060 1666 1149 1694 tum
1184 1658 1275 1706 quia
1309 1657 1373 1704 ipsi
1404 1665 1596 1704 tanquam
1617 1653 1806 1702 Capituli

482 1705 659 1745 Ministri
677 1706 850 1744 habendi
864 1705 988 1746 essent
1004 1734 1015 1752 ,
1032 1709 1097 1746 cui
1116 1709 1333 1747 habitualis
1351 1706 1456 1746 Cura
1477 1708 1808 1751 inhaerebat,tum

482 1757 609 1799 etiam
625 1756 718 1806 quia
739 1758 931 1796 unionem
958 1772 1033 1797 non
1053 1773 1166 1810 aeque
1184 1760 1467 1808 principaliter
1483 1785 1494 1803 ‚
1527 1759 1592 1796 sed
1607 1757 1798 1797 subieusti-

482 1822 534 1848 ve
552 1807 699 1847 fac‘tam
716 1807 831 1848 fuisse
846 1809 1068 1851 asscrebant
1091 1838 1102 1857 ‚
1120 1812 1393 1861 extinguendo
1421 1811 1583 1849 scilicet
1610 1810 1802 1858 antiqua-

482 1873 572 1901 rum
591 1860 877 1900 Parochiarum
900 1862 1098 1909 titulum,
1118 1865 1324 1914 quaesitum
1357 1863 1436 1901 fuit
1467 1876 1486 1900 a
1508 1863 1556 1904 ⁴S.
1573 1861 1805 1910 Congrega-

483 1914 599 1952 tione
615 1928 641 1949 ε
668 1917 737 1951 An
766 1916 937 1952 Canonici
971 1916 1176 1965 Collegiatae
1204 1916 1367 1966 Ecclesiae
1385 1918 1429 1953 S.
1451 1916 1584 1952 Mariae
1609 1915 1669 1950 del
1687 1915 1803 1950 piano

481 1967 617 2015 Oppidi
641 1966 829 2004 Montellae
854 1969 1042 2015 Nascanae
1082 1970 1250 2017 Dia-cesis
1280 1978 1470 2007 teneantur
1499 1978 1605 2003 unam
1632 1973 1806 2002 tantum..-

480 2017 631 2065 Miffam
641 2027 704 2067 pro
717 2019 850 2068 Populo
879 2021 1003 2058 diebus
1016 2021 1117 2070 sestis
1132 2021 1315 2058 celebrare
1332 2045 1344 2063 ‚
1362 2020 1431 2066 feu
1443 2020 1561 2067 potius
1577 2027 1630 2054 tot
1645 2017 1776 2065 Miffas
1794 2027 1808 2060 3

482 2069 663 2120 quotsunt
680 2071 909 2109 Parocbiales
940 2072 1104 2120 Ecclestae
1122 2073 1183 2110 illi
1198 2076 1310 2109 unite
1339 2075 1376 2108 in
1403 2070 1485 2118 casu
1505 2073 1578 2112 &a
1597 2084 1623 2105 =
1653 2069 1718 2108 die
1737 2080 1810 2106 au·-

485 2132 570 2159 tem
592 2133 651 2166 17.
665 2123 833 2159 Ianuarii
852 2128 963 2168 1756.
984 2124 1225 2172 rescriptum
1241 2122 1322 2162 fuit
1338 2139 1364 2158 =
1378 2138 1405 2159 ,τ
1418 2123 1657 2171 Αβῖννκιαιὶνὲ
1670 2124 1718 2158 ad
1727 2123 1810 2170 pri-

485 2186 578 2211 mam
585 2182 726 2222 partem
744 2200 754 2219 ,
773 2179 942 2223 negative
957 2177 1006 2212 ad
1012 2175 1211 2222 secundam
1229 2205 1238 2215 .

437 2228 480 2267 In
503 2225 731 2264 Parochiali
749 2227 924 2265 Ecclesia
950 2227 985 2265 S.
1007 2226 1140 2265 Luciae
1177 2227 1315 2266 Terrae
1349 2227 1530 2265 Porculae
1549 2252 1562 2272 ,
1596 2226 1663 2276 qni
1694 2226 1808 2264 locus

490 2279 543 2316 est
559 2277 756 2318 Dioecefis
787 2278 947 2317 Montis
980 2279 1068 2318 Alti
1089 2304 1101 2322 ‚
1132 2279 1213 2319 duo
1231 2279 1398 2318 Parochi
1433 2279 1533 2316 olim
1555 2278 1810 2326 reperieban-

488 2339 557 2368 tur
573 2355 587 2373 ,
604 2330 745 2379 quibus
763 2333 842 2379 post
859 2331 1030 2370 aliarum
1051 2332 1320 2371 Ecclcfiarum
1340 2331 1530 2371 unionem
1552 2331 1623 2370 alii
1640 2330 1724 2369 duo
1739 2342 1808 2370 ac-

494 2379 668 2422 cessere.
700 2382 858 2422 Omnes
888 2383 1058 2422 Parochi
1088 2383 1332 2423 Portionarii
1372 2383 1710 2428 nominabantur,
1739 2395 1807 2421 eo·

494 2445 666 2484 rumque
681 2435 843 2485 singulis
857 2435 1060 2475 distinetos
1077 2435 1279 2475 parochia:
1291 2438 1301 2474 l
1313 2436 1450 2475 imites
1467 2448 1572 2475 anno
1590 2433 1803 2484 1643.Epi-

486 2486 628 2533 scopus
656 2486 871 2537 affignavit
889 2515 902 2533 ‚
918 2488 967 2527 ad
982 2489 1217 2528 evitandam
1232 2486 1506 2527 coufufionem
1522 2515 1534 2533 ‚
1563 2501 1649 2539 quae
1669 2488 1707 2526 in
1723 2497 1811 2535 pro·

485 2538 640 2576 miscuo
655 2538 770 2579 Curae
789 2541 987 2580 exercitio
1002 2541 1098 2579 oriri
1119 2542 1272 2581 solebat
1288 2570 1298 2580 .
1317 2540 1565 2581 Dubitatum
1585 2539 1666 2578 fuit
1680 2548 1711 2575 .·..-·
1735 2538 1804 2574 Aa

480 2588 592 2633 Miffa
610 2590 837 2630 paroehialis
856 2596 895 2630 in
908 2595 1032 2631 diebus
1053 2594 1154 2643 festis
1186 2593 1402 2643 applicanda
1423 2602 1488 2641 pro
1518 2592 1652 2641 Populo
1679 2589 1808 2628 veniat-

484 2638 697 2678 celebranda
713 2657 734 2679 a
756 2645 905 2693 singulis
923 2646 1131 2684 Reffloribus
1146 2645 1309 2694 Ecclefiae
1321 2648 1366 2684 S.
1386 2648 1506 2684 Luciae
1525 2647 1643 2684 Terrae
1665 2642 1806 2679 Porcu-

486 2693 525 2731 ῖς
550 2717 562 2737 ,
583 2692 651 2739 seu
673 2700 789 2741 potius
821 2698 1030 2736 alternatim
1058 2701 1101 2737 ab
1130 2699 1428 2737 Hebdomadario
1458 2702 1496 2735 in
1519 2696 1600 2744 casu
1630 2697 1704 2737 (Tc.
1725 2718 1736 2737 ‚
1769 2692 1807 2730 δε

1744 2745 1809 2783 die
