1914 2935
468 148 540 175 πυ
963 121 1022 156 16.
1041 113 1257 164 Septembris
1280 111 1392 155 1769.

469 183 638 226 Ordinis
655 172 1010 219 Praemostratenfis
1030 166 1333 213 Praepositorum
1354 184 1365 203 ,
1384 157 1451 207 qui
1472 156 1496 194 fi
1515 148 1783 192 Archidiaco·

471 239 511 278 ni
525 237 650 277 etiam
664 231 825 270 fuerunt
843 252 853 270 ,
873 219 1222 263 confirmationem
1245 209 1542 262 expostularunt
1560 231 1570 243 .

423 287 595 330 Sustinet
623 286 748 326 etiam
776 306 788 325 ,
816 275 921 328 quod
950 284 1043 312 cum
1089 266 1342 310 confirmatio
1382 256 1781 298 Archidiaconorum

471 340 662 392 procedat
678 346 726 375 e‘x
741 323 1138 378 dispositionejuris,
1167 314 1413 369 requirentis
1435 305 1646 350 Ordinarii
1674 300 1782 342 insti-

471 401 677 434 tutionem
700 413 713 431 ,
742 384 805 424 vel
837 376 1191 419 confirmationem
1251 370 1299 408 ad
1334 362 1598 406 exercendam
1631 357 1787 395 Curam

471 445 715 485 Animarum
736 463 748 482 ,
777 434 825 474 ad
840 429 1070 485 elidendam
1104 425 1255 464 idcirco
1282 416 1528 458 contrariam
1559 407 1788 460 quamlibet

473 492 809 538 consuetudinem
829 511 841 531 ,
869 493 1008 521 unicus
1038 479 1162 518 etiam
1192 475 1302 514 astus
1320 469 1490 510 sufficiat
1509 492 1520 510 ‚
1550 466 1630 501 Rot.
1659 468 1779 496 coram

475 553 620 591 Buratt.
636 543 743 591 decis.
758 552 847 587 9¹4·
862 547 956 573 num.
978 538 1010 572 8.
1026 558 1038 575 ,
1061 542 1177 568 coram
1191 528 1291 565 Bieh.
1322 521 1429 569 decisi
1453 533 1538 564 290.
1567 525 1663 552 num.
1682 523 1697 553 3
1711 523 1743 547 ι.
1763 532 1779 552 ‚

479 613 595 644 coram
611 596 795 634 Falconer.
824 592 867 627 de
895 585 994 634 Offic.
1013 583 1177 620 Archid.
1205 579 1281 616 dec.
1309 580 1367 613 16.
1400 585 1496 609 num.
1517 581 1600 610 13..
1633 563 1782 603 Immo,

480 649 643 696 etiamsi
659 638 962 687 praedecessores
981 632 1164 684 Episcopi
1180 624 1443 679 neglexissent
1463 616 1786 660 Archidiaconos

482 704 719 747 confirmare
751 722 764 741 ,
799 689 1063 733 nihilominus
1093 690 1344 733 nequaquam
1371 674 1571 714 sublatum
1597 666 1696 708 esset
1725 666 1788 710 jus

486 752 754 798 Successoris,
779 746 846 797 qui
874 739 1053 781 Concilii
1083 731 1317 776 Tridentini
1348 729 1514 767 decreta
1545 721 1789 760 observare,

484 811 657 856 satagat.
686 803 793 842 Card.
813 801 856 834 de
875 798 961 833 Luc.
977 795 1021 828 de
1040 791 1227 828 Praeemin.
1248 784 1336 832 disc.
1356 795 1389 828 7.
1418 790 1514 816 num.
1536 787 1597 821 ²9·
1616 798 1628 817 ,
1661 770 1789 809 Piton.

491 862 637 910 discept.
665 852 868 899 Ecz'lesao.
889 857 1053 892 num.42.

438 909 663 954 Contendit
678 906 868 954 denique,
884 898 1038 937 nullam
1065 889 1286 931 habendam
1316 885 1390 924 effe
1418 880 1617 920 rationem
1645 873 1698 912 de
1727 882 1798 919 ge-

492 964 613 1005 minis
631 954 903 1000 Decifionibus
920 976 932 995 ,
963 960 1046 998 quae
1066 943 1302 994 prodierunt
1325 939 1362 976 in
1378 933 1505 973 Causa
1537 927 1790 975 Mmasterieu.

495 1014 765 1069 Jurisdiffionis
819 1020 877 1044 10.
919 1002 1057 1038 Marus·
1116 1001 1226 1040 1694.
1296 1001 1412 1028 coram
1463 985 1611 1023 Emerix
1657 977 1750 1026 Just.
1782 998 1796 1017 ,

497 1075 539 1116 φ·
568 1082 627 1106 22.
657 1064 769 1113 Junii
790 1062 903 1102 ¹767·
921 1064 1037 1091 coram
1051 1052 1096 1088 R.
1119 1049 1160 1086 P.
1178 1047 1227 1084 D.
1253 1044 1297 1079 de
1326 1040 1546 1079 comitibus,
1571 1042 1663 1070 cum
1692 1037 1798 1066 utra-

496 1134 572 1174 que
599 1108 909 1157 contumacialis
926 1103 1077 1144 fuerit,
1106 1094 1383 1144 &prxcedens
1415 1088 1648 1138 Judicatum
1682 1090 1800 1118 revo-

499 1170 681 1214 caverit.
713 1165 832 1204 Plura
861 1168 999 1198 autem
1029 1150 1239 1201 congerit,
1270 1155 1313 1183 ut
1344 1142 1504 1182 suadeat
1525 1164 1536 1183 ,
1567 1132 1804 1175 earumdem

501 1222 762 1266 Decisionum
777 1212 1041 1252 fundamenta
1059 1216 1135 1243 non
1153 1200 1346 1241 subsistere
1363 1219 1375 1239 ,
1397 1195 1434 1234 8(
1461 1204 1482 1231 a
1500 1186 1681 1240 praesenti
1702 1194 1805 1233 qux-

502 1279 626 1317 stione
644 1270 719 1311 esse
735 1265 889 1315 prorsus
906 1268 1095 1301 extranea
1107 1285 1117 1295 .

454 1327 687 1371 Concilium
713 1315 1005 1361 Tridentinum
1024 1309 1109 1359 seff.
1129 1318 1192 1352 ²4·
1222 1311 1296 1351 cap.
1315 1313 1347 1343 3.
1368 1300 1412 1336 de
1436 1293 1594 1342 Reform.
1611 1316 1623 1336 ‚
1650 1288 1699 1326 de
1734 1281 1814 1323 Ax·->

504 1374 755 1421 chidiaconis
772 1397 785 1416 ,
812 1367 996 1415 aliisque,
1011 1362 1150 1412 quibus
1168 1359 1230 1402 jus
1245 1355 1298 1392 est
1319 1350 1491 1392 alicujus
1513 1341 1707 1383 Dioecefis
1730 1336 1807 1375 Ec-

509 1432 647 1474 clesias
663 1421 851 1467 visitandi
870 1444 883 1464 ,
898 1421 981 1456 haec
998 1412 1131 1452 statuit
1148 1424 1175 1444 ε
1193 1402 1456 1445 Archidiaconi
1476 1409 1609 1437 autem,
1630 1390 1770 1431 Decam'
1793 1410 1807 1430 ,

508 1489 554 1530 cb·
575 1482 642 1522 alis·
675 1477 863 1525 inferiores
890 1475 928 1508 in
943 1473 987 1506 iis
1019 1462 1182 1511 Ecclefiis
1202 1484 1214 1502 ,
1244 1460 1304 1495 ubi
1331 1455 1494 1493 haflenus
1527 1446 1809 1496 Ili-litationem.)

513 1546 679 1576 exercere
694 1530 854 1578 legitime
868 1521 1123 1569 consueverunt
1137 1538 1148 1557 ,
1179 1513 1329 1549 debeant
1343 1507 1486 1557 quidem
1501 1529 1512 1546 ,
1545 1498 1713 1547 affurapto
1730 1494 1817 1530 No-

514 1591 610 1628 t'ario
635 1586 680 1622 de
707 1578 868 1628 consensu
910 1572 1070 1622 Episcopi
1100 1569 1259 1612 deinceps
1298 1571 1361 1610 per
1384 1558 1427 1607 se
1453 1556 1539 1603 ipsos
1579 1559 1719 1588 tantum
1750 1545 1818 1580 ibi-

513 1644 595 1679 dem
607 1637 755 1686 visitare
769 1660 778 1669 .
796 1630 1022 1668 Decretum
1039 1622 1112 1659 hoc
1131 1619 1187 1656 ita
1207 1611 1385 1659 intelligi
1403 1605 1507 1657 posse
1526 1598 1711 1642 nonnulli
1729 1595 1813 1635 exi-

511 1692 723 1731 stimarunt
738 1708 752 1727 ,
769 1689 814 1720 ut
830 1680 879 1718 dc
897 1672 1078 1725 Episcopi
1096 1669 1255 1708 tantum
1271 1661 1459 1703 consensu
1489 1654 1686 1695 Notarius
1719 1645 1820 1687 alsu-

518 1743 576 1782 mi
604 1740 800 1778 deberet,
829 1729 897 1780 qui
929 1728 1015 1766 aCta
1047 1709 1620 1761 Visitationis{perscriberem
1651 1714 1727 1741 non
1756 1707 1821 1734 ta-

517 1805 612 1835 men
632 1799 676 1828 ut
694 1786 803 1826 illius
820 1777 1030 1821 consensus
1055 1772 1102 1811 ad
1122 1767 1365 1817 explendam
1383 1759 1657 1801 visitationem
1690 1748 1825 1797 requi-

520 1852 680 1886 reretur
697 1869 707 1878 .
734 1836 851 1876 Hanc
881 1827 992 1869 fuisse
1025 1824 1187 1864 videtur
1219 1813 1477 1857 Sententiam
1523 1804 1720 1847 Francisci
1754 1801 1823 1838 Ri-

520 1893 678 1937 cardoti
696 1882 967 1930 Atrebatenfis
984 1873 1195 1922 Episcopi,
1214 1864 1481 1920 quiConcilio
1493 1859 1739 1900 Tridentino
1761 1853 1823 1890 in-

516 1947 665 1990 terfu³t
685 1969 698 1989 ,
723 1936 900 1990 &quiin
918 1930 1145 1981 aperitione
1175 1921 1353 1962 seffionis
1379 1930 1440 1960 ις.
1472 1925 1608 1954 coram
1641 1906 1825 1949 Patribus

523 1994 720 2053 perorasse
738 1993 866 2032 fertur
882 2016 891 2026 .
927 1985 969 2023 ln
999 1983 1063 2021 sua
1080 1978 1188 2018 enim
1207 1971 1441 2012 Dioecesana
1465 1965 1627 2014 Synodo
1663 1957 1831 2000 habita-2

526 2063 631 2093 anno
650 2063 663 2087 1
676 2060 762 2093 577.
777 2048 837 2082 tit.
853 2042 899 2076 de
912 2037 1018 2085 Vifit.
1037 2041 1154 2080 capa.
1172 2023 1399 2066 declaravit
1418 2036 1444 2058 =
1461 2021 1551 2057 Cum
1575 2021 1613 2053 in
1628 2016 1693 2051 hac
1722 2012 1827 2047 Diae-

529 2101 731 2152 cestxnostra
748 2090 1017 2136 parochialium
1045 2081 1281 2130 Ecclefiarum
1309 2076 1465 2123 visitatio
1496 2083 1540 2107 ex
1573 2069 1720 2113 antiqua
1751 2072 1828 2098 con·

519 2154 716 2208 suetudine
739 2150 786 2199 fit
809 2155 921 2194 paenes
947 2137 1235 2177 Archidiaconos
1258 2127 1419 2174 Ecclefiae
1450 2122 1567 2170 nostrae
1584 2143 1597 2162 ,
1627 2117 1752 2167 quibus
1784 2123 1829 2147 ex

532 2211 690 2249 Decreta
703 2201 868 2241 Trident.
887 2191 1037 2233 Concilii
1056 2187 1250 2240 &undatur
1262 2206 1274 2225 ‚
1291 2190 1331 2217 ut
1347 2178 1582 2226 vificationem
1598 2172 1686 2207 hanc
1702 2162 1832 2217 adjun-

534 2263 584 2299 εἷο
599 2256 760 2297 Notario
773 2253 882 2290 nostro
902 2241 1136 2294 personaliter
1148 2238 1270 2273 obeant
1287 2235 1359 2276 dre.
1379 2245 1404 2266 ::
1439 2226 1597 2276 Quibus
1626 2219 1756 2260 verbis
1776 2216 1837 2253 in·
1881 2234 1893 2238 -ν

534 2308 657 2352 nuisse
673 2305 839 2347 videtur
855 2326 868 2345 ,
895 2293 1130 2336 Concilium
1145 2284 1437 2326 Tridentinum
1454 2305 1466 2322 ,
1494 2277 1550 2315 nil
1567 2273 1677 2312 aliud
1705 2264 1836 2319 quoad
1889 2267 1892 2270 ’

534 2360 929 2404 Archidiaconorum
944 2344 1219 2386 visitationem
1234 2332 1402 2375 statuisse
1421 2358 1434 2376 ‚
1462 2329 1531 2368 nisi
1561 2335 1606 2365 ut
1630 2337 1676 2364 ea
1695 2318 1839 2361 assum·-

538 2425 612 2464 pto
640 2409 818 2451 Notario
845 2398 1058 2449 Episcopi,
1074 2397 1110 2435 St
1129 2387 1396 2442 personaliter
1412 2380 1566 2431 expleri
1582 2379 1750 2416 deberet
1767 2398 1777 2409 .

492 2468 580 2510 Alii
597 2462 773 2506 tamen'e
799 2453 993 2499 converso
1011 2448 1287 2489 arbitrantur,
1315 2450 1405 2478 eam
1431 2430 1543 2474 fuisse
1574 2421 1843 2469 Tridentino·

546 2530 634 2559 rum
651 2516 819 2557 Patrum
843 2514 1023 2548 mentem
1040 2525 1054 2544 ,
1082 2508 1128 2538 ut
1152 2489 1445 2535 Archidiaconi
1463 2512 1474 2531 ,
1505 2483 1658 2533 aliique
1677 2472 1844 2527 inferio-

549 2581 613 2610 res
642 2566 830 2608 Praelati,
861 2559 999 2611 quibus
1020 2548 1208 2592 visitandi
1236 2547 1297 2594 jus
1314 2543 1398 2587 est,
1425 2537 1561 2579 astum
1584 2527 1856 2572 visitationis„

550 2621 704 2662 nonnisi
729 2619 779 2660 de
809 2608 994 2665 Episcopi
1008 2600 1201 2648 consensu
1226 2596 1391 2647 explere
1419 2588 1585 2644 possint.
1604 2582 1866 2666 Interprettgi-
