1865 2935
551 131 611 169 18.
628 127 858 167 Novembri&
878 130 991 174 1769.
1363 141 1439 174 υ,

121 192 208 220 rum
228 185 485 227 paternorum
506 178 699 217 divifione
718 205 731 224 ,
764 188 852 218 tum
884 179 1039 218 dit‘tum
1060 190 1124 216 rus
1142 204 1155 223 ‚
1183 185 1273 217 tum
1303 177 1433 218 dietus

119 233 285 273 census,
312 230 496 279 assignati
522 230 648 269 Paulo
678 229 842 270 fuerunt
869 231 906 270 iu
925 232 1010 277 ejus
1038 231 1294 278 portionem.
1324 229 1432 269 Post—

121 295 242 334 quam
259 284 355 321 vero
371 283 449 329 ipse
475 283 522 321 ad
541 282 822 322 Sacerdotium
850 281 930 322 fuit
961 283 1125 322 evertas
1145 307 1156 326 ‚
1190 294 1293 320 anno
1314 294 1425 328 1735.

120 337 275 374 clidium
310 347 373 372 rus
399 333 584 384 Francesto
621 335 946 374 irrevocabiliter
976 334 1142 374 donavit
1175 333 1318 373 Natali
1347 333 1427 379 dag

119 386 273 426 Aleffio
289 385 404 424 fratri
423 412 434 430 ,
456 387 659 425 reservato
673 387 739 425 fibi
755 388 885 437 quoad
904 388 1063 426 viveret
1078 385 1191 426 iilius·
1207 385 1429 428 usufructu,

121 441 186 478 vel
204 449 333 476 annua
350 438 598 485 responsione
614 438 853 477 ducatorum
874 453 931 486 17.
949 464 961 483 ,
983 447 1108 488 -prout
1126 438 1274 477 melius
1292 438 1353 478 eid
1364 450 1430 477 em

122 490 267 529 Natali
286 490 498 528 donatario
513 491 726 529 videretur
740 520 749 530 .

69 542 152 583 Rus
168 541 523 586 nihilominusjam
544 542 673 580 Fratri
703 540 1082 589 donatumpoffedit
1111 541 1258 581 Paulus
1286 541 1334 581 ad
1363 554 1430 581 an-

119 607 214 634 num
231 595 351 643 usque
374 606 483 639 1759.
504 619 516 638 ‚
544 594 725 644 illudque
761 607 830 641 pro
845 594 902 632 sui
919 592 1088 631 arbitrio
1108 594 1289 632 locavit.
1321 593 1430 632 Cum

120 649 220 686 vero
241 645 400 683 Natalis
418 645 544 685 frater
563 659 610 684 eo
627 658 729 684 anuo
746 645 848 685 illud
867 645 1072 685 vindicare
1088 643 1433 694 sategiffet‚obla-

121 707 163 739 ta
181 698 304 739 Paulo
317 695 430 735 fratri
459 700 642 745 pensione
657 698 899 737 ducatorum
927 697 1208 745 septendecim
1226 720 1239 740 ‚
1270 698 1434 748 quaestio

121 750 304 790 instituta
320 748 397 787 fuit
414 750 451 789 iu
470 749 593 788 Curia
607 750 917 798 Monopolitana
933 750 1046 796 super
1062 749 1176 787 dit‘iae
1193 749 1432 787 donationis

118 802 365 841 validitate:
393 813 566 850 cumque
585 802 767 852 sequenti
792 814 895 840 anno
927 801 1057 839 dietus
1071 800 1237 839 Natalis
1265 809 1435 839 contro-

123 855 281 894 versum
309 864 375 890 rus
406 853 443 890 in
477 854 614 892 dotem
644 853 813 893 dedisset
836 853 1025 892 Antoniae
1054 852 1144 891 filiae
1174 861 1304 901 nupta:
1327 853 1432 893 Vito

121 905 292 946 Cristino
310 905 482 944 Buttaro
499 931 511 950 ‚
527 907 564 946 δέ
581 906 782 954 Coniuges
809 916 879 954 pro
897 905 1127 943 donationis
1152 904 1426 943 executione..-

121 956 383 1001 instetissent‚
418 958 661 1006 Episcopalis
688 958 811 997 Curia
830 957 1008 996 validam
1045 956 1274 995 declaravit
1305 955 1431 993 dona-2

118 1010 274 1048 tionem
291 1021 384 1048 cum
405 1022 527 1050 onere
560 1022 695 1051 annuae
718 1009 977 1058 praestation'is
994 1008 1238 1047 ducatorum
1264 1008 1434 1057 septen·

118 1060 253 1102 decim
269 1087 281 1105 ,
312 1060 437 1100 Paulo
453 1062 549 1100 (lum
568 1062 729 1100 viveret
751 1060 1030 1110 persolvendae
1049 1088 1060 1100 .

69 1113 310 1163 Appellavit
329 1113 521 1152 Sacerdos
552 1114 701 1152 Paulus
732 1114 779 1152 ad
805 1113 891 1153 Sac.
923 1110 1300 1161 Congregationem
1321 1135 1333 1154 ‚
1365 1110 1432 1149 sed

120 1165 226 1204 intra
255 1166 542 1213 appellationis
561 1166 783 1204 terminum
812 1177 903 1203 cum
925 1176 1000 1203 non
1030 1160 1269 1203 exhibuisset
1299 1162 1432 1201 Curiae

118 1217 345 1266 Episcopali
374 1218 550 1263 ejusdem
581 1218 666 1256 Sac.
685 1216 1024 1266 Congregationis
1043 1216 1251 1264 epistolam
1269 1239 1283 1258 ‚
1313 1214 1432 1252 eausa

119 1269 323 1311 declarata
339 1268 417 1308 fuit
436 1270 591 1309 deserta
611 1295 621 1313 ,
649 1271 686 1309 ὃς
706 1269 916 1308 sententia*
933 1268 1048 1307 dietae
1067 1267 1199 1306 Curiae
1220 1266 1436 1314 Episcopa-

120 1322 171 1360 lis
187 1347 198 1366 ‚
228 1335 310 1372 quae
328 1322 384 1360 rei
401 1322 592 1366 iudicatae
611 1321 714 1360 vires
733 1319 1006 1367 assumpserat,
1023 1318 1268 1358 demandata
1288 1318 1435 1357 extitit

121 1374 308 1413 executio
323 1403 332 1413 .
362 1373 480 1414 Nunc
509 1382 646 1412 autem
664 1374 928 1423 conqueritur
949 1372 1145 1411 Sacerdos
1167 1370 1314 1409 Paulus
1342 1378 1435 1408 tum

119 1427 168 1466 de
186 1427 315 1465 relata
334 1426 536 1465 sente-ntia
552 1450 563 1469 ‚
594 1435 683 1464 tum
714 1425 764 1463 de
782 1426 883 1463 artis
903 1425 1104 1473 pendente
1121 1422 1434 1477 appellatione,

120 1490 165 1517 ac
184 1479 343 1517 recursu
375 1476 424 1514 ad
453 1477 617 1515 Sacram
649 1476 1022 1525 Congregationem
1061 1475 1179 1523 gestis·
1194 1499 1206 1518 ‚
1237 1475 1275 1513 8(
1313 1473 1434 1511 dubia

122 1529 160 1567 fn
179 1529 290 1568 calce
309 1528 548 1577 transcripta
570 1528 735 1567 exhibet
756 1528 990 1567 resolvenda
1011 1556 1021 1565 .

73 1582 139 1624 Ad
161 1595 190 1620 1.
214 1580 347 1631 inquit
364 1606 376 1625 ,
407 1591 472 1618 rus
492 1581 679 1629 Francesto.
702 1579 767 1617 sibi
800 1579 837 1617 in
869 1578 1159 1626 patrimonium
1192 1575 1438 1616 Ecclesiasti-

124 1646 216 1672 cum
233 1644 336 1671 anuo
359 1644 470 1677 1729.
498 1631 732 1681 affignatum
749 1629 890 1669 fuisse:
919 1630 1077 1668 irritam
1109 1629 1263 1667 idcirco
1292 1626 1434 1666 fuisse-2

123 1686 237 1724 illius
253 1682 518 1722 donationem
550 1683 697 1721 factam
715 1695 816 1721 anno
837 1694 947 1728 1735.
976 1682 1119 1731 absque
1151 1680 1362 1718 Ordinarii
1392 1679 1439 1716 li„

124 1738 260 1776 centia
279 1735 421 1774 favore
440 1733 602 1774 Natalis
627 1734 763 1773 fratris
782 1758 794 1776 ‚
827 1746 871 1772 cx
904 1736 1068 1772 censura
1101 1732 1236 1770 concil.
1271 1733 1435 1769 Tridenc.

115 1789 200 1839 seff.
221 1804 279 1828 21.
296 1796 368 1836 cap.
391 1799 424 1825 2.
444 1787 488 1822 de
501 1786 699 1833 Reformat.
717 1810 730 1829 ‚
759 1786 900 1825 Anacl.
917 1784 1026 1838 injus
1044 1787 1134 1822 Can.
1156 1784 1218 1823 lib.
1243 1797 1273 1821 1.
1292 1787 1351 1821 tit.
1377 1796 1436 1825 11.

127 1856 222 1880 num.
243 1856 279 1881 2.
300 1867 312 1885 ‚
343 1839 535 1886 Ventrigl.
566 1843 604 1877 in
615 1849 719 1889 prax.
747 1848 842 1887 part.
861 1853 894 1877 2.
914 1846 1035 1876 annot.
1053 1850 1117 1883 42.
1144 1844 1180 1878 ις’.
1203 1850 1233 1873 2.
1254 1848 1350 1872 num.
1371 1848 1406 1872 2.
1425 1859 1439 1878 ‚

124 1894 268 1942 Barbas.
286 1896 328 1930 de
348 1889 449 1937 OffiC.
472 1914 484 1933 ‚
516 1894 559 1934 &⁸
574 1893 705 1941 Potest.
723 1891 839 1939 Eptsc.
855 1900 952 1939 part.
972 1904 1004 1927 1.
1022 1889 1127 1936 alleg.
1152 1902 1211 1934 19.
1230 1901 1327 1925 num.
1344 1900 1408 1933 90.
1425 1911 1440 1930 2

127 1950 171 1991 (9·
183 1946 311 1984 Roma
329 1944 491 1981 Romana
504 1944 726 1989 Pecuniaria
742 1945 941 1983 22.Martii
959 1955 999 1988 17
1010 1954 1025 1985 5
1039 1955 1068 1979 1.
1084 1941 1349 1982 §.Mandatum
1366 1951 1436 1977 cor.

128 1999 395 2045 Eminentiffimo
410 1993 555 2050 Melino
569 2026 577 2036 .

76 2052 167 2092 Nec
185 2049 233 2088 ad
251 2048 478 2087 donationis
499 2048 758 2088 validitatem
776 2045 952 2096 prodesse
971 2044 1186 2092 expressam
1202 2043 1343 2083 favore
1358 2042 1441 2080 Do<

127 2101 258 2140 nantis
280 2101 597 2140 reservationem
627 2102 693 2140 vel
717 2099 961 2139 ususfruc‘rus
983 2097 1086 2136 ruris
1102 2122 1113 2142 ,
1133 2097 1196 2135 vel
1214 2105 1438 2150 annuorum

125 2153 365 2191 ducatorum
384 2166 440 2199 17.
458 2183 467 2192 .
500 2153 727 2202 Respondet
753 2152 876 2196 enim,
896 2149 1193 2189 Patrimonium
1212 2150 1368 2204 semper
1399 2158 1438 2182 m

129 2217 170 2243 re
185 2204 310 2242 stabili
326 2204 512 2243 constitui
528 2231 542 2250 ‚
573 2217 618 2244 ac
635 2216 868 2253 permanere
883 2204 1033 2242 debere
1049 2227 1061 2245 ‚
1093 2201 1185 2238 hinc
1214 2197 1440 2254 iuvahdam

133 2256 208 2294 effe
223 2267 519 2306 quamcumque
534 2257 834 2295 distraffionem
849 2255 905 2294 rei
923 2254 1072 2292 stabilis
1090 2253 1127 2289 in
1143 2252 1438 2298 patrimonium

128 2305 321 2354 affignatae
334 2331 346 2349 ‚
377 2308 502 2345 etiam
518 2309 719 2347 reservato
737 2306 875 2346 favore
896 2303 1094 2343 Donautis
1114 2302 1317 2340 usufrucstu
1336 2324 1348 2342 ‚
1367 2298 1434 2335 vel

129 2368 256 2395 annua
283 2359 726 2409 responsione'Constant.
758 2358 955 2404 vot.decis.
982 2368 1065 2397 133.
1094 2367 1190 2392 num.
1210 2367 1243 2397 7·
1261 2378 1272 2394 s
1302 2353 1436 2387 MOM-

131 2407 327 2454 00l1·s⁰7m·
345 2409 412 2456 leg.
429 2419 510 2449 tom,
530 2425 562 2449 2.
581 2421 640 2449 ιιι.
663 2425 722 2450 12.
742 2421 857 2450 annot.
874 2422 908 2450 3.
927 2421 1024 2444 num.
1047 2419 1104 2451 19.
1121 2430 1133 2448 ‚
1163 2408 1205 2446 ξφ
1220 2404 1368 2450 Rigant.
1388 2400 1437 2436 ad

128 2458 385 2508 Reg·Ca71cell.
408 2474 469 2508 24.
486 2469 524 2503 Β.
543 2473 576 2504 5.
593 2476 687 2501 num.
709 2476 794 2511 141.
811 2491 821 2500 .
852 2460 940 2498 Nec
960 2458 1060 2496 item
1093 2453 1274 2503 prodesse
1299 2452 1348 2510 affl
1366 2453 1438 2490 (10-

127 2510 305 2550 nationis
336 2511 597 2551 validitatem
623 2515 817 2553 tuendam
847 2538 858 2556 ‚
889 2507 1104 2558 quodfipse
1135 2506 1297 2544 Donans
1330 2512 1436 2542 inter

126 2562 403 2602 Portionarios
420 2562 602 2602 Ecciefiae
619 2564 879 2604 Cathedralis
893 2559 1115 2605 adscriptus
1129 2558 1173 2597 fit
1190 2584 1202 2602 ‚
1229 2566 1316 2596 tum
1343 2559 1439 2605 quia

126 2625 312 2663 tempore
329 2613 559 2653 donationis
580 2614 931 2655 Portionariorum
947 2609 1136 2658 Collegio
1155 2610 1331 2648 nondum
1344 2606 1436 2645 fue-

124 2677 186 2711 rat
214 2674 426 2715 cooptatus
446 2693 456 2709 ,
483 2674 571 2704 tum
590 2667 681 2717 quia
694 2662 1092 2716 patrimoniititulus
1116 2687 1128 2706 ,
1155 2673 1201 2701 ac
1224 2661 1327 2710 legis
1343 2671 1442 2716 prof

232 2720 562 2761 Tum.XXXVIlI.
891 2715 923 2758 R
1336 2711 1440 2751 hibi*
