1865 2935
597 184 659 217 29.
678 171 778 221 Julii
807 179 919 222 1769.
1358 193 1404 230 61

93 220 220 257 nestus
239 217 386 258 Comes
403 219 452 258 de
469 219 661 260 Giannini
678 251 689 268 ,
709 225 746 264 in
766 227 983 268 Austriacis
999 230 1138 279 Copiis
1157 231 1405 279 pedestrium

95 271 466 319 Schlopetariorum
497 274 904 318 Vice-Coiumnellus
923 307 936 325 ‚
966 284 1161 323 nocturno
1176 295 1362 328 tempore
1383 318 1397 336 ,

93 322 263 360 militari
289 323 424 365 habitu
445 327 648 365 ementito
663 354 675 372 ,
704 330 922 382 secumque
938 334 1117 375 addud’tis
1140 338 1403 388 24.Hussaris,

32 409 34 411 ,
93 373 312 422 Byravium
332 375 534 423 profectus
547 377 613 418 die
634 393 696 428 24.
715 381 962 424 Novembris
980 400 1112 435 1744„
1131 388 1401 444 ingreffi1sque

96 425 422 465 aedesBaroniffae
439 428 488 468 de
504 429 664 479 Poppen
678 458 692 477 ,
722 446 813 476 eam
831 438 967 477 secum
982 440 1144 488 tulerit,
1162 443 1403 497 ascensoque

96 490 212 516 curru
234 480 352 516 ambo
367 480 615 521 discesserint
632 514 641 522 .

47 526 124 568 Ubi
141 530 314 578 primum
330 543 608 579 pervenerunt
623 536 670 575 ad
688 537 900 587 Oppidum
918 542 1101 583 Fulnekae
1135 547 1174 585 in
1193 550 1402 597 proxima,

95 581 275 629 Regione
294 583 500 624 Austriaca
514 587 631 626 fitum
646 615 659 634 ,
674 591 869 630 steterunt
888 606 1025 634 coram
1041 596 1267 644 Capeliano
1281 602 1404 642 Cam·

91 632 205 682 pestri
240 635 411 674 Ordinis
431 637 638 679 Minornm
656 666 670 685 ‚
698 654 743 681 ac
768 644 1147 693 duobusffadhibitis
1179 651 1362 694 Testibus
1392 680 1407 701 ,

92 685 403 726 matrimonium
416 689 486 729 die
508 693 806 734 10.Decembris
824 698 1001 742 ejusdem
1017 702 1110 739 anni
1130 704 1403 747 celebrarunt:

93 736 273 788 Indeque
306 739 385 778 iter
422 744 689 794 prosequuti,
722 747 992 790 Olomucium
1022 754 1059 792 se
1089 759 1358 796 contulerunt
1388 784 1401 803 ,

90 787 242 828 Urbem
260 791 456 830 Moraviae
484 795 737 846 principem,
769 802 834 839 ubi
854 803 958 843 lares
988 807 1190 845 retinebat
1222 809 1405 853 ejusdem

90 841 267 879 Comitis
296 842 491 883 Giannini
520 847 660 887 Frater
691 851 892 892 Patruelis
911 881 923 900 ,
954 858 1058 905 apud
1076 871 1197 909 quem
1229 861 1404 900 relicta,

89 892 289 932 Baronissa
307 895 357 934 de
371 896 532 946 Poppen
550 923 564 943 ‚
582 902 711 941 libere
729 904 880 944 ibidem
906 908 959 946 est
977 912 1217 950 conversata
1237 942 1246 951 .

41 947 149 986 Orto
164 954 302 985 antem
322 946 444 987 dnbio
478 950 527 989 de
553 953 721 999 hujusce,
751 958 1010 999 matrimonii
1025 962 1248 1002 validitate
1265 989 1277 1008 ‚
1311 965 1404 1014 Epi-

85 998 226 1044 scopus
244 998 529 1041 Olomucenfis
549 1006 686 1044 ambos
702 1009 866 1047 monuit
881 1035 895 1054 ‚
911 1023 958 1049 ac
973 1015 1194 1060 prudentes
1212 1017 1304 1055 Viri
1321 1018 1403 1058 sua,

84 1050 221 1089 serunt
235 1076 248 1095 ‚
279 1060 324 1090 ut
343 1053 555 1098 sejunctim
572 1057 765 1098 viverent
781 1086 793 1106 ‚
822 1062 860 1101 ὅ(
884 1062 1083 1105 Batoniffa
1115 1067 1154 1104 in
1174 1068 1312 1107 locum
1335 1079 1403 1108 tu-

84 1110 172 1139 tum
190 1101 230 1142 se
249 1103 452 1152 reciperet
471 1136 481 1146 .
510 1106 663 1150 Verum
681 1113 881 1161 neglec‘iis
901 1116 1007 1158 hisce
1024 1118 1192 1157 monitis
1206 1120 1286 1159 sese
1305 1134 1405 1161 con-

84 1154 275 1193 tulerunt
314 1156 362 1194 ad
395 1158 660 1201 Fortalitinm
691 1166 891 1214 quoddam
918 1169 1165 1210 Kradistium
1203 1185 1403 1220 nuncupa-

86 1213 175 1243 tum
190 1232 202 1251 ,
231 1206 295 1245 nbi
320 1210 400 1257 post
416 1223 570 1250 moram
588 1216 767 1267 quinque
780 1220 974 1258 menfium
995 1248 1006 1268 ,
1034 1234 1173 1262 coram
1189 1223 1301 1263 illius
1319 1225 1401 1264 loci

85 1257 265 1297 Parocho
282 1284 297 1303 ,
320 1262 358 1300 St
372 1261 525 1304 duobus
545 1263 748 1314 Testibns,
763 1271 1019 1313 matrimonii
1048 1275 1281 1315 consensum
1297 1277 1399 1317 die..-

91 1315 149 1349 56.
168 1309 346 1358 Januarii
366 1321 482 1363 1746.
502 1330 780 1364 renovarunn
1382 1330 1389 1336 “

35 1359 138 1399 Cum
151 1371 289 1402 autem
315 1365 423 1405 Bona
451 1367 659 1411 Baroniisae
690 1372 741 1414 de
761 1373 928 1424 Poppen
953 1379 1082 1425 positar
1109 1380 1188 1418 sub,
1210 1380 1396 1420 dominio

82 1413 284 1454 Boruffico
322 1419 687 1469 sequestrationem,
722 1425 825 1474 passa
869 1431 1024 1470 fuerint
1065 1445 1086 1471 a
1128 1432 1228 1472 Loci
1271 1433 1403 1482 Magi-

83 1467 205 1504 stratu
223 1491 238 1510 ‚
265 1469 321 1506 ob·
343 1482 548 1511 rumorem
563 1500 581 1519 ,⁴
610 1478 682 1527 qui
707 1479 791 1523 jam<
811 1479 1045 1522 invaluerat
1074 1484 1124 1523 de
1156 1494 1272 1532 raptu
1302 1486 1403 1530 ejus-

85 1517 179 1555 dcm
197 1518 403 1561 Baronissae
435 1536 455 1562 a
470 1522 639 1568 Comite
664 1529 857 1571 Giannini
877 1544 1038 1580 patrato
1058 1560 1070 1578 ‚
1098 1536 1227 1575 edidit
1257 1538 1403 1576 eadem

87 1567 285 1608 Baronissa
316 1572 636 1615 declarationem
651 1604 664 1622 ‚
695 1594 772 1629 qua
789 1582 881 1621 faffa
903 1584 997 1628 fuit,
1017 1587 1157 1631 sponte
1173 1612 1191 1629 ,γ
1207 1601 1251 1625 ac
1265 1590 1406 1626 volun-

84 1620 187 1659 tarie
220 1635 241 1660 a
260 1622 430 1670 praefato
447 1625 613 1666 Comite
629 1630 822 1670 Giannini
842 1646 888 1673 ex
907 1636 1016 1676 Arce
1034 1636 1267 1684 Byravienfi
1286 1638 1404 1680 fuiffe

82 1672 291 1711 abdunam
312 1704 326 1713 2
341 1675 430 1714 Hac
448 1678 573 1725 igitur
592 1681 717 1720 stante
731 1683 1026 1731 declaratione,
1044 1687 1234 1737 Princeps
1250 1691 1316 1730 die
1340 1698 1399 1731 18.

87 1723 293 1765 Februarii
315 1732 426 1775 1746.
444 1730 685 1779 sequestrum
705 1737 886 1774 revocari
906 1738 1117 1779 mandavit
1132 1770 1141 1779 .

34 1776 228 1815 Gravibus
247 1778 400 1819 deinde·
423 1781 594 1820 subortis
611 1783 779 1825 diffidiis
810 1787 930 1828 inter·
948 1790 1190 1830 Baroniffam
1217 1794 1267 1834 de
1302 1795 1401 1842 Pop·

82 1839 157 1874 pen
173 1854 188 1872 ‚
220 1829 257 1868 δε
274 1830 487 1870 Comitem
506 1834 698 1875 Giannini
717 1863 730 1883 ,
760 1838 960 1881 Baroniffa
974 1841 1115 1892 fugam·
1131 1847 1303 1893 arripnit
1320 1873 1332 1891 ‚
1363 1849 1400 1887 &

82 1878 124 1916 in
154 1879 369 1921 Bornffiam
407 1883 588 1932 profecta
615 1888 667 1928 est
693 1914 706 1933 ‚
747 1891 817 1933 ubi,
856 1892 924 1932 die
962 1895 1309 1945 trigefimaprima
1338 1900 1404 1949 Ja-

79 1932 212 1970 nuarii
245 1946 354 1980 1752.
384 1948 408 1975 a
435 1936 650 1980 Catholica
684 1942 781 1982 Fide
823 1944 1051 1985 miserrime
1082 1948 1235 1990 defecit
1266 1975 1280 1993 ³
1326 1953 1399 1991 in„

80 1981 356 2026 Lutheranarn
380 1990 557 2030 haerefim
584 1992 734 2042 dilapsa
759 2024 776 2035 .,
800 1995 917 2036 Tunc
945 1998 1070 2048 igitur
1094 2001 1245 2041 Comes
1272 2005 1403 2043 Gian-

81 2034 165 2073 nini
195 2038 302 2083 apud
330 2039 512 2081 Boruffiae
546 2041 787 2087 Tribunalia.
812 2048 987 2096 institit,
1019 2061 1062 2090 ut
1082 2051 1278 2095 Baroniffa
1297 2057 1345 2095 ad
1364 2059 1401 2097 fe

78 2086 542 2138 redirecompelleretur
571 2108 582 2133 ε
609 2096 766 2138 Contra
784 2112 887 2138 vero
911 2101 1109 2143 Baroniffa
1126 2106 1314 2147 libellum
1331 2111 1404 2148 ob-

80 2138 200 2183 tulit,
214 2153 413 2190 exponens
428 2155 565 2193 raptus
582 2148 826 2192 violentiam
840 2178 852 2198 ‚
868 2152 1078 2195 defectum
1097 2160 1315 2206 praesentia:
1332 2162 1403 2199 Pa-

80 2191 190 2230 rochi
219 2192 258 2230 in
274 2196 550 2238 celebratione
567 2202 821 2242 matrimonii
840 2231 852 2250 ,
888 2207 926 2246 ἃ
940 2206 1117 2248 saevitias
1132 2235 1144 2254 ,
1172 2223 1268 2261 quas
1288 2226 1308 2251 a
1327 2213 1400 2253 Vi-

81 2252 124 2278 ro
139 2241 278 2288 passam
293 2245 404 2286 fuiffe
422 2248 614 2291 asserebat
628 2267 642 2293 ‚·
673 2255 734 2293 his
750 2255 800 2295 de
817 2260 942 2296 caufis
963 2261 1084 2306 petiit
1103 2261 1318 2308 declarari,
1336 2264 1399 2302 in-

82 2293 261 2382 validum
276 2296 391 2339 fuisse
421 2304 733 2345 matrimonium
757 2320 853 2349 cum
870 2310 1037 2352 Com-ite
1071 2313 1270 2353 Giannini
1296 2326 1397 2352 con-

83 2349 165 2380 tran.
189 2358 253 2384 um
273 2377 284 2388 .

31 2388 73 2427 In
95 2392 372 2441 Tribunalibns
393 2403 573 2445 Boruffiae
607 2408 778 2449 discussa
793 2411 922 2450 Causa
940 2412 1023 2452 fuit
1056 2416 1398 2465 secundum-Juris

80 2444 365 2501 Protestaiitici
384 2457 578 2507 principia
597 2484 610 2503 ‚
640 2460 870 2501 divortium
888 2466 1184 2512 permittentia
1200 2491 1212 2509 ‚
1239 2470 1404 2518 quando-

77 2505 184 2536 inter
214 2499 415 2552 Coniuges
429 2509 520 2547 odia
539 2534 552 2553 ‚
583 2523 627 2549 ac
644 2511 805 2553 diffidia
834 2514 1139 2555 intercefferint
1160 2542 1173 2562 ,
1190 2519 1228 2558 Sc
1244 2520 1400 2559 animo-

72 2559 160 2586 rum
186 2553 429 2594 abalienatio
443 2558 771 2608 deprehendatur
790 2594 799 2604 .
830 2566 1110 2605 Declaratum
1128 2570 1294 2617 proinde
1310 2571 1393 2612 fuit

74 2611 121 2656 es
134 2603 269 2651 capite
305 2606 573 2655 implacabilis,
584 2614 670 2652 odii
689 2615 938 2656 Baroniffam
961 2618 1070 2658 inter
1086 2646 1097 2665 ,
1131 2622 1170 2661 8<
1184 2622 1396 2664 Comitem

72 2650 265 2694 Glannini
298 2660 485 2697 vincutum
500 2665 733 2703 Matrimonii
747 2681 792 2704 ex
802 2677 912 2715 parte
938 2672 1148 2719 Appellatae
1158 2674 1389 2721 solvendum,

71 2706 114 2750 ὠ·
135 2709 170 2743 ei
199 2707 320 2749 libere
346 2712 619 2762 relinquendum
650 2717 755 2758 aliud
768 2722 1064 2764 Matrimonium
1077 2729 1230 2768 ineundi
1245 2758 1254 2768 .
1289 2729 1390 2767 Pro-

1317 2780 1400 2819 diit
