1914 2935
518 165 587 200 168
1010 163 1071 197 16.
1091 161 1299 198 Decembris
1322 162 1433 207 1769.

512 223 583 262 pus
600 211 723 252 Sonni
741 238 752 257 ,
768 213 939 250 obtenta
956 212 1237 250 nominatione
1264 225 1285 250 a
1308 212 1508 258 Caietano
1537 211 1634 251 dieti
1661 213 1827 251 Nicolai

510 265 681 309 Fratre,
707 264 974 312 provilioucm
1008 263 1287 306 Apostolicam
1314 278 1406 303 cum
1438 266 1704 314 derogatione
1749 277 1830 304 me-

509 318 678 358 dietatis
694 328 843 355 vocum
872 314 1116 365 efflagitavit
1142 345 1150 355 .
1187 317 1306 355 Erhus
1347 317 1639 356 Pro-Datarius
1675 327 1832 356 utrum-

509 383 587 420 que
605 370 758 409 remilit
786 369 835 407 ad
864 367 949 407 Sac.
980 371 1083 407 hanc
1113 368 1484 419 Congregatiouern
1503 397 1514 415 ,
1550 378 1595 407 ut
1628 372 1827 418 perpenlis

508 423 662 470 juribus
680 424 725 461 ab
741 433 983 470 unoquoque
999 421 1250 460 deducendis
1282 422 1481 468 judicium
1499 422 1700 470 proterret
1715 446 1728 466 ‚
1745 434 1828 472 qux

511 474 755 522 supplicatio
768 472 863 512 effet
882 475 1096 512 relaxanda
1112 503 1121 512 .

459 526 687 571 Contendit
719 525 856 575 itaque
887 524 1071 564 Clericus
1103 526 1228 566 Caesar
1256 525 1480 573 Sparaciari
1509 553 1522 570 ‚
1555 528 1617 573 jus
1647 527 1822 574 praesen-

509 579 621 622 tandi
640 579 687 618 ad
715 577 1011 617 Canonicatum
1044 579 1162 616 unice
1206 589 1447 626 competere
1489 578 1666 617 Nicolao
1682 603 1695 622 ‚
1732 588 1826 617 tan·-

509 644 630 686 quam
649 638 744 670 natu
760 631 934 675 majori,
954 630 1074 680 idque
1091 630 1231 677 aperte
1247 629 1499 677 deprehendi
1528 642 1574 668 ex
1593 629 1824 669 testamenti
1849 661 1852 663 .

509 688 631 726 litera
648 710 660 727 ‚
692 683 757 721 ubi
785 681 935 731 legitur
967 698 993 718 ε
1025 684 1084 720 Ed
1099 683 1129 719 il
1142 683 1323 730 maggiore
1338 683 1650 731 d’ettifiasempre
1662 683 1821 731 prescri-

508 750 543 778 ιο
557 750 584 773 =
615 735 837 774 Neminem
867 734 1032 780 proinde
1067 734 1193 772 alium
1217 734 1266 771 ad
1296 734 1621 773 nominationem
1652 734 1820 772 admitti

507 788 613 839 polse
642 790 763 826 Biton.
781 789 825 824 de
840 796 998 829 contro-v.
1021 788 1168 826 Patron.
1186 785 1293 835 alleg.
1315 800 1350 833 7.
1368 801 1462 826 num.
1482 800 1545 825 20.
1559 811 1573 834 ,
1605 789 1717 825 Carti.
1736 789 1816 825 de,

506 845 596 882 Luc.
614 842 658 877 de
674 839 864 888 Jurepatr.
884 839 996 886 disca
1010 853 1040 877 1.
1074 852 1195 876 numa
1209 852 1243 876 2.
1272 838 1362 877 Nec
1394 840 1480 877 ullo
1500 839 1618 877 modo
1638 840 1825 881 relaxan-

507 895 601 933 dam
620 889 695 931 esse
721 891 966 933 contrariam
996 891 1339 939 supplicationem
1362 918 1373 936 ‚
1394 890 1492 930 falso
1508 917 1520 935 ‚
1543 891 1736 939 inanique
1757 891 1820 929 in-

508 946 641 984 nixam
660 943 858 990 supposito
876 967 887 985 ‚
905 942 1010 992 quod
1024 943 1151 982 etiam
1168 941 1388 987 Caietanus
1406 944 1451 982 fit
1466 943 1768 991 Compatronus
1783 971 1795 981 .
1866 951 1869 954 ·

455 996 573 1037 Nihil
597 994 727 1035 obesse
746 994 952 1033 defec‘tum
970 994 1183 1044 qualitatis
1205 995 1509 1035 Sacerdotalis‚·
1540 1008 1631 1033 cum
1660 995 1698 1032 in
1728 1005 1825 1039 prae-

503 1047 745 1090 cedentibus
774 1047 900 1086 etiam
917 1047 1198 1085 vacationibus
1216 1048 1417 1094 simplices
1436 1046 1589 1086 Clerici
1619 1046 1823 1084 nominati

502 1101 659 1141 fuerint
673 1113 687 1139 ‚·
716 1098 863 1148 Neque
881 1097 919 1137 id
933 1099 1147 1137 abhorrere
1176 1111 1196 1136 a
1216 1099 1450 1138 Testarricis
1470 1101 1686 1138 voluntate
1702 1122 1715 1141 ‚
1733 1110 1821 1147 quae

504 1153 752 1193 facultatem
776 1150 892 1190 dedit
905 1150 1114 1188 Canonico
1133 1153 1172 1187 di
1187 1151 1367 1188 celebrare
1384 1178 1396 1195 ‚
1424 1166 1439 1188 o
1458 1153 1527 1198 far
1553 1151 1734 1188 celebrare
1759 1154 1819 1188 tre*

503 1204 622 1253 Meffe
635 1213 699 1252 per
715 1203 881 1251 ciascuna
891 1204 1122 1241 Settimana:
1152 1203 1357 1243 Caeterum
1372 1203 1543 1242 affirmat
1561 1216 1639 1241 non
1665 1212 1750 1241 tam
1767 1202 1819 1240 ri-

502 1257 595 1308 gide
613 1256 902 1306 inquirendum
918 1254 966 1294 de
981 1267 1030 1294 eo
1044 1281 1056 1299 ‚
1071 1255 1139 1305 qui
1157 1257 1209 1293 est
1226 1255 1457 1294 Fundatrici
1474 1255 1812 1305 consanguineus.

504 1322 551 1349 ac
565 1310 614 1348 de
643 1308 786 1347 cadem
807 1307 978 1347 Familia
996 1307 1218 1355 Sparaciari
1236 1333 1249 1348 .

450 1365 668 1409 Pei-peram
684 1361 784 1400 vero
811 1359 958 1407 opponi
976 1358 1079 1398 dicit
1097 1360 1288 1398 ultimum
1308 1361 1453 1399 statum
1469 1359 1560 1398 anni
1584 1371 1816 1408 1724.‚¹quo

502 1426 689 1464 tempore
707 1423 790 1454 tres
823 1413 936 1452 fimul
957 1411 1118 1453 Fratres
1136 1412 1183 1450 ad
1202 1412 1493 1451 nominandum
1511 1420 1813 1456 convenerunt,

500 1479 593 1507 cum
613 1467 782 1504 ultimus
801 1465 867 1508 hic
881 1466 1000 1503 status
1018 1465 1178 1504 attendi
1197 1478 1274 1504 non
1291 1465 1620 1514 debeat,qu0ties
1638 1465 1747 1501 clara
1766 1464 1820 1502 est

501 1521 566 1559 lex
596 1517 847 1559 fundationis
865 1541 877 1560 ‚
911 1516 959 1555 ad
976 1528 1094 1565 quam
1115 1516 1468 1556 intervertendam
1486 1516 1637 1556 nullius
1657 1515 1812 1553 roboris

500 1572 589 1610 sunt
604 1578 807 1621 quotquot
821 1568 1017 1609 contrarii
1043 1570 1156 1607 aetus
1177 1570 1440 1613 exhibeantur
1471 1572 1594 1611 Garz„
1615 1569 1661 1605 de
1691 1567 1818 1615 Renes.

497 1632 592 1673 part.
605 1637 635 1661 1.
652 1631 773 1670 capa.
789 1635 906 1661 numa
920 1634 978 1669 14.
999 1646 1011 1666 ,
1042 1622 1163 1660 Piton.
1192 1624 1237 1659 de
1252 1633 1411 1660 controv.
1445 1622 1595 1658 Patron.
1626 1621 1732 1669 alleg.
1754 1632 1816 1665 ιι,

500 1689 620 1714 Μυκη
635 1689 666 1712 ι.
684 1673 816 1715 Addit
835 1674 1086 1722 reliquorum
1103 1674 1288 1712 Fratrum
1306 1672 1615 1720 subscriptiones
1633 1684 1677 1711 ex
1694 1673 1817 1710 abun·

499 1726 613 1766 danti
630 1726 758 1767 solum
774 1734 871 1763 tunc
888 1723 1002 1763 fuiffe
1019 1723 1203 1764 admissas
1220 1750 1231 1769 ,
1262 1726 1357 1774 quia
1387 1724 1546 1763 scilicet
1579 1723 1813 1762 nominatus

499 1777 642 1818 extitit
662 1776 860 1814 Nicolaus
878 1776 981 1814 alter
997 1788 1043 1814 ex
1074 1777 1274 1815 Fratribus
1302 1777 1352 1814 de
1383 1775 1625 1823 Sparnciaris
1656 1800 1669 1820 ‚
1695 1776 1812 1820 cujus

497 1828 824 1869 nominationem
843 1826 990 1876 reliqui
1007 1840 1148 1866 omnes
1165 1827 1341 1866 maxime
1369 1836 1526 1877 gratam
1555 1828 1780 1867 habuerunt
1798 1855 1810 1872 ,

498 1883 576 1922 Per
604 1882 682 1924 boc
699 1889 835 1919 tamen
858 1879 960 1917 nihil
986 1877 1100 1918 fuisse
1130 1881 1361 1919 detranum
1398 1879 1627 1927 praelationi
1658 1879 1806 1918 debitae

497 1932 645 1979 majori
660 1931 1020 1980 natu‚praesertim
1038 1932 1314 1980 quiatadjec‘ta
1343 1931 1425 1969 fuit
1454 1929 1630 1980 expressa
1657 1931 1810 1975 jurium

496 1985 720 2029 reservatio
734 2010 747 2031 ‚
762 1984 823 2028 his
840 1983 971 2025 verbis
987 1999 1015 2020 =
1038 1984 1073 2026 E
1087 1987 1142 2023 cib
1150 1984 1269 2033 senza
1280 1985 1513 2033 pregiudizio
1546 1984 1641 2021 delle
1657 1983 1807 2033 nostre„

495 2039 632 2086 ragiom‘
649 2066 659 2084 ‚

443 2086 586 2139 Minus
601 2099 740 2128 autem
770 2088 878 2128 ret‘te
894 2089 1217 2136 opponisustinet
1235 2114 1248 2134 ‚
1266 2087 1543 2136 praelationem
1563 2086 1710 2132 majori
1738 2099 1809 2126 na·

467 2140 470 2142 ’
493 2150 538 2181 tu
567 2155 616 2181 eo
632 2150 793 2185 tantum
808 2142 898 2180 casu
916 2139 1030 2181 fuiffc
1048 2142 1242 2180 tributam
1259 2163 1272 2183 ‚
1305 2151 1383 2188 quo
1414 2139 1658 2178 Patronatus
1673 2139 1804 2178 devo-

492 2195 605 2233 lutus
621 2191 754 2238 fuitset
773 2192 821 2231 ad
849 2193 1000 2232 lineam
1031 2192 1284 2231 faeminarum
1314 2191 1649 2230 descendentium
1681 2203 1702 2228 a
1739 2190 1808 2240 Jo-

492 2247 616 2296 sepho
633 2244 855 2294 Sparaciari
912 2244 1113 2284 Observat
1141 2245 1250 2284 enim
1283 2252 1497 2293 utramque
1529 2244 1680 2282 lineam
1710 2252 1802 2282 tum

491 2298 764 2341 masculorum
781 2322 794 2342 ,
821 2305 910 2335 tum
927 2295 1173 2342 fsaeminarum
1191 2295 1412 2336 collestive'
1430 2319 1442 2339 ‚
1475 2296 1513 2334 ὃ(
1545 2307 1614 2343 per
1643 2295 1807 2335 unicam

490 2350 722 2397 orationem
749 2347 862 2393 fuisse
890 2361 912 2389 a
939 2347 1164 2388 Testatrice
1181 2357 1396 2392 vocatam,
1431 2347 1661 2397 deindeque
1689 2347 1807 2386 addi,

493 2411 537 2442 ta
551 2402 669 2442 verba
685 2416 713 2448 ς.-
742 2403 802 2442 Ed
820 2399 861 2445 jl
877 2405 1055 2450 maggiore
1085 2401 1398 2449 d'etdfiasempre
1425 2400 1596 2449 preferito
1612 2415 1639 2435 :
1675 2397 1807 2438 Infert

492 2454 662 2502 proinde
681 2453 718 2499 ¹in
736 2453 955 2493 omnicasu
972 2479 984 2499 ‚
1017 2454 1053 2493 ὃ(
1070 2452 1109 2490 in
1128 2463 1382 2503 quacumque
1412 2451 1693 2490 nominatione
1726 2462 1808 2489 ma-

490 2507 620 2550 jorem
637 2514 734 2544 natu
751 2504 868 2547 fuiffe
883 2505 1141 2554 praeelet‘him
1156 2504 1607 2554 ³111spestapraesertim
1623 2502 1802 2541 dictione

492 2557 708 2606 illasempre
720 2583 732 2602 ,
745 2570 830 2609 quae
849 2570 968 2597 omne
984 2566 1146 2603 tempus
1165 2581 1177 2601 ‚
1194 2569 1442 2606 omnemque
1458 2555 1601 2594 futurae
1620 2553 1801 2593 vacatio-

492 2608 553 2650 nis
568 2611 705 2648 casum
721 2609 1032 2658 comprehendit
1061 2609 1147 2648 Rot.
1165 2610 1272 2657 decis]
1293 2622 1335 2654 71
1349 2622 1382 2648 1.
1397 2621 1537 2650 num.3.
1553 2619 1634 2645 tom.
1656 2617 1690 2647 3.
1728 2617 1798 2642 cor.

494 2662 658 2705 Lancett.
676 2685 688 2704 ,
704 2663 747 2704 &⁶
760 2663 869 2710 decis}
885 2666 978 2711 476.
996 2675 1090 2700 num.
1115 2676 1174 2700 10.
1189 2671 1287 2710 part.
1319 2675 1375 2706 ¹9·
1395 2674 1512 2698 recen.

438 2710 593 2760 ,Contra
610 2714 707 2752 vero
725 2713 915 2757 Sacerdos
942 2713 1154 2764 Philippus
1172 2713 1297 2753 Sonni
1330 2711 1543 2758 contendit
1558 2733 1572 2753 ‚
1606 2707 1799 2797 ultimsigm

1754 2769 1796 2796 a-
