1914 2935
501 145 570 180 ¹42
999 149 1057 172 1:-
1077 134 1179 188 Alaji
1212 147 1323 181 ¹770·

440 184 575 233 Inquit
597 192 735 225 autem
754 209 764 227 ‚
781 187 860 224 duo
876 185 1028 234 requiri
1048 188 1097 224 ad
1114 187 1455 235 impedimentum
1475 185 1687 226 affinitatis
1707 201 1804 227 con-

487 238 766 280 stituendum,
799 237 998 276 videlicet
1027 240 1214 286 copulam
1248 239 1518 288 undequaque
1553 241 1810 287 completam

488 292 572 337 Lag.
591 305 657 328 παπ
672 289 834 337 facilest:
866 291 911 326 de
933 292 1079 337 gradib.
1108 291 1235 338 affinit.
1251 317 1263 335 ‚
1295 295 1338 335 ξς·
1363 293 1446 340 Cap.
1482 293 1717 329 fraternitas
1739 304 1802 336 35.

488 344 611 392 quest.
634 358 690 380 10.
708 368 720 385 ‚
750 343 786 380 ἃ
802 342 1121 380 concludentem
1142 369 1153 387 ‚
1184 344 1494 392 legitimamque
1529 344 1640 382 illius
1659 345 1802 393 proba-

490 395 647 433 tionem
666 420 678 437 ,
697 402 739 431 ut
758 393 986 432 declaravit
1001 396 1087 432 sac.
1107 397 1336 445 Congregatio
1353 400 1391 433 in
1410 397 1611 433 Tudertinn
1632 410 1694 445 24·
1727 395 1804 445 ‘Ja-

492 450 618 484 nuarii
644 452 756 488 1632.
772 447 868 494 apud
882 446 1077 484 Manat-cll.
1094 448 1236 489 formul.
1253 450 1376 496 Legal.
1401 453 1459 487 tit.
1494 454 1549 486 16.
1572 449 1724 495 formul.
1764 462 1799 487 2.

490 513 585 537 num.
605 511 666 542 30.
689 528 700 537 .
734 497 965 548 Utrumque
996 512 1093 537 vero
1122 502 1160 540 iu
1191 501 1373 548 praesenti
1404 502 1495 539 casu
1539 500 1751 539 desiderari
1790 523 1803 544 ‚

487 563 581 590 eum
613 560 804 588 neutrum
833 559 996 588 eruatur
1027 563 1071 590 ex
1102 553 1254 591 duobus
1279 566 1299 591 a
1318 553 1441 591 Curia
1477 553 1702 601 Episcopali
1731 565 1803 591 au-

487 603 585 642 ditis
603 603 784 642 Testibus
798 627 809 647 ‚
824 614 995 651 quorum
1014 605 1117 644 alter
1134 605 1184 644 de
1202 605 1284 644 visu
1303 629 1315 649 ,
1345 606 1450 644 alter
1486 607 1535 644 de
1556 605 1701 644 auditu
1729 604 1804 643 de-

490 665 628 705 ponit.
1845 666 1848 668 '

435 709 601 748 Etenim
634 708 762 755 quoad
794 707 993 747 faeminam
1025 709 1183 749 Testem
1213 711 1263 750 de
1291 712 1376 749 visu
1417 710 1627 753 observat,
1653 708 1806 757 ipsam.»

487 775 567 800 non
598 760 840 806 affirmasse,
885 761 1026 801 vidiffe
1066 763 1198 801 virum
1225 789 1237 808 ‚
1266 765 1303 802 ὃ(
1347 764 1568 802 Mulierem
1600 762 1807 799 invicem.»

485 814 718 862 complexos
735 837 747 855 ‚
788 813 852 852 sed
895 815 1023 852 solum
1067 815 1240 853 Mariam
1284 815 1444 854 Annam
1487 828 1534 853 eo
1575 814 1696 852 modo
1712 839 1725 858 ‚
1758 825 1804 851 ac

483 867 579 905 loco
618 867 786 904 stantem
816 865 1063 913 conspexisse
1080 893 1092 911 ‚
1126 878 1170 906 ut
1214 869 1441 916 proximum
1481 865 1678 905 accessum
1725 865 1806 903 Do·

486 918 629 957 minici
674 929 816 971 prop-e·
839 930 929 956 eam
972 932 994 958 e
1025 920 1238 966 conspeetu
1283 922 1482 960 manentis
1526 917 1763 968 fignificaret
1791 945 1801 955 .

482 970 617 1009 Addit
635 981 725 1008 eam
756 971 960 1009 laeminam
978 972 1070 1010 vilis
1089 971 1161 1011 effe
1174 972 1422 1011 conditionis
1439 998 1451 1016 ‚
1484 974 1522 1012 Sc
1538 972 1602 1009 fibi
1633 970 1802 1017 metipsi

488 1022 734 1062 contrariam
753 1036 768 1062 5
786 1023 1025 1073 insuperque
1043 1034 1232 1074 tanquam
1259 1025 1423 1062 unicum
1445 1050 1456 1068 ‚
1488 1026 1525 1064 ἃ
1556 1023 1798 1070 lingularem

486 1078 630 1115 testem
649 1075 805 1112 nullam
834 1076 1115 1122 probationem
1143 1077 1387 1115 constituere
1419 1080 1503 1125 Leg.
1531 1072 1795 1124 Jurssjurandi

486 1129 578 1165 Cod.
596 1128 637 1164 de
657 1127 785 1175 Testih.
802 1153 814 1172 ,
835 1129 919 1176 Cap.
937 1128 1023 1165 licet
1035 1153 1047 1173 ,
1059 1124 1153 1177 Cap.
1170 1132 1318 1167 veniens
1333 1153 1345 1173 ,
1365 1132 1406 1173 (ἐγ
1420 1140 1493 1179 cap.
1511 1131 1552 1167 Iu
1580 1129 1674 1164 omni
1693 1139 1799 1173 nego-

486 1183 536 1215 tio
551 1182 595 1217 de
615 1179 768 1227 Testibus
783 1208 792 1217 .
1268 1208 1271 1212 -

433 1228 528 1278 Qio
546 1232 641 1269 vero
656 1231 704 1269 ad
722 1233 899 1269 alterum
920 1231 1078 1271 Testem
1097 1230 1148 1270 de
1163 1233 1303 1272 auditu
1320 1233 1378 1271 ait
1392 1258 1405 1277 ‚
1434 1244 1478 1271 ex
1495 1234 1578 1277 ejus
1594 1229 1703 1268 disto
1720 1242 1798 1269 non

487 1283 769 1330 deprehendi,
800 1296 820 1321 a
851 1296 930 1333 quo
954 1284 1240 1330 impedimenti
1267 1285 1478 1324 scientiam
1497 1310 1509 1329 ,
1540 1284 1577 1322 St
1607 1281 1800 1320 notitiam

481 1335 669 1375 habuerit
683 1360 695 1379 ‚
711 1347 804 1373 cum
829 1336 957 1374 solum
974 1336 1183 1376 asseruerit
1200 1350 1344 1377 vocem
1364 1338 1413 1375 de
1431 1337 1575 1385 copula
1606 1331 1800 1373 audivisse

489 1391 537 1428 ab
553 1389 646 1426 0810
662 1387 856 1432 circiter,
890 1390 954 1428 vel
988 1401 1135 1428 novem
1167 1391 1322 1430 menses
1356 1399 1454 1427 ante
1483 1390 1566 1433 ejus
1594 1397 1792 1429 examen,

487 1454 568 1491 quo
602 1450 787 1489 tempore
829 1440 1005 1481 nondum
1040 1452 1185 1481 ‚rumor
1217 1442 1265 1480 de
1313 1440 1569 1489 sponsalibus
1599 1439 1794 1486 vulgatus

484 1501 572 1533 erat
589 1522 597 1531 .
629 1492 701 1531 Ait
722 1500 912 1540 praeterea
931 1496 1034 1532 hunc
1050 1492 1208 1532 Testem
1223 1493 1431 1532 affirmasse
1464 1492 1564 1530 nihil
1598 1489 1795 1529 inhonesti

481 1554 552 1583 aut
573 1543 713 1583 vidisse
731 1571 743 1590 ‚
772 1554 841 1582 aut
860 1545 1052 1584 audiviue
1074 1545 1285 1595 sequutum
1308 1546 1414 1584 inter
1432 1543 1695 1582 Dominicum
1716 1566 1728 1584 ‚
1758 1543 1796 1581 Sc

479 1597 656 1636 Mariam
675 1597 837 1635 Annam
854 1623 865 1641 ‚
885 1597 980 1635 dum
1001 1610 1021 1635 a
1039 1609 1098 1640 25.
1117 1623 1128 1640 ‚
1147 1599 1210 1635 vel
1231 1611 1292 1640 30.
1311 1608 1419 1637 retro
1448 1596 1562 1634 annis
1589 1605 1657 1633 eos
1689 1594 1795 1633 inter

480 1649 632 1687 amoris
651 1651 755 1687 aestus
772 1649 954 1688 fervebat
972 1675 984 1694 ‚
1011 1662 1102 1688 cum
1121 1659 1255 1687 tamen
1283 1651 1307 1689 fi
1335 1649 1430 1698 quid
1462 1648 1556 1686 mali
1589 1645 1794 1685 accidilset

481 1700 520 1740 in
542 1713 664 1747 parvo
683 1701 846 1748 Oppido
864 1725 875 1742 ‚
895 1703 931 1740 ἃ
962 1702 998 1739 in
1015 1701 1171 1748 publica
1191 1702 1420 1749 Apotheea‚
1444 1701 1508 1738 ubi
1531 1699 1680 1737 fat‘lum
1699 1711 1796 1736 con-

483 1752 615 1800 tigiffe
629 1761 763 1790 narrat
782 1753 888 1790 dit‘ta
922 1753 1074 1791 Mulier
1106 1753 1315 1802 impudens
1336 1780 1348 1798 ‚
1378 1755 1415 1793 ἃ
1439 1752 1597 1801 garrula
1615 1776 1627 1795 ‚
1662 1751 1792 1790 latere

484 1803 575 1841 sane
594 1814 670 1840 non
688 1801 879 1850 potuisset
898 1833 907 1843 .

431 1855 733 1903 Perperamque
751 1855 871 1894 obiici
893 1855 993 1894 dicit
1014 1859 1119 1896 inter
1139 1855 1312 1895 Mariam
1349 1857 1506 1895 Annam
1527 1881 1538 1901 ‚
1571 1857 1607 1894 8<
1626 1855 1791 1893 Petrum

484 1906 690 1948 Barberini
708 1909 787 1955 post
813 1905 1001 1947 assertum
1018 1909 1168 1947 faustum
1187 1909 1443 1948 Matrimonii
1463 1907 1608 1947 saedere
1625 1906 1783 1951 jum‘tos

479 1966 619 1997 exorta
638 1959 767 2008 jurgia
783 1961 832 1998 ob
844 1961 1070 2000 amicitiam
1089 1987 1100 2005 ‚
1117 1973 1237 2011 quam
1254 1963 1397 2000 eadem
1416 1960 1546 1998 Maria
1562 1959 1677 1996 Anna
1696 1970 1791 1995 cum

480 2010 700 2050 Dominico
719 2012 901 2050 Antonio
917 2014 1097 2051 servavit
1113 2043 1121 2052 .
1152 2013 1350 2052 Advertit
1369 2012 1475 2050 enim
1494 2037 1506 2055 ‚
1523 2023 1566 2049 ex
1586 2011 1669 2048 solo
1688 2009 1790 2048 ami-

477 2062 587 2100 citiae
602 2063 767 2102 vinculo
786 2088 798 2107 ‚
827 2065 953 2104 velex
971 2075 1175 2112 concaepta
1205 2078 1224 2103 a
1243 2065 1344 2104 Viro
1361 2063 1581 2112 Zelotypia
1597 2063 1788 2107 copulam

480 2113 623 2153 inferri
642 2127 717 2153 non
733 2115 837 2163 posse
857 2146 865 2153 .
896 2115 1036 2163 Negat
1053 2117 1198 2155 deind'e
1220 2116 1446 2161 hujusmodi
1473 2114 1632 2163 jurgia:
1664 2114 1787 2151 Exhi-

479 2166 630 2215 betque
649 2167 924 2206 testimonium
944 2166 1111 2205 Parochi
1134 2168 1269 2205 Terra:
1300 2167 1484 2206 Lubriani
1501 2193 1513 2211 ‚
1545 2166 1753 2206 afferentis
1771 2191 1784 2211 ‚

474 2218 586 2256 inter
611 2220 744 2266 plures
759 2219 920 2257 amasios
938 2245 950 2263 ‚
979 2231 1071 2257 cum
1101 2219 1242 2269 quibus
1260 2220 1388 2258 Maria
1421 2219 1536 2257 Anna
1567 2218 1787 2265 suspectam

475 2267 640 2309 fovebat
655 2271 880 2309 amicitiam
897 2296 909 2315 ,
930 2272 967 2310 Sc
991 2283 1160 2321 quorum
1193 2273 1308 2310 causa
1341 2272 1454 2309 illam
1481 2271 1619 2317 soepius
1652 2269 1790 2308 admo-

474 2332 618 2361 nuerat
644 2350 656 2366 ,
696 2336 772 2361 non
814 2324 1015 2361 numerari
1046 2324 1307 2362 Dominicum
1348 2322 1462 2361 Fiani
1487 2349 1499 2368 ,
1529 2324 1660 2372 deque
1683 2321 1790 2360 istius

475 2386 568 2462 εμτὶῃ
600 2376 740 2414 eadem
770 2375 949 2414 Muliere
978 2374 1263 2415 familiaritate
1291 2401 1304 2421 ,
1334 2376 1435 2414 nihil
1469 2388 1645 2426 unquam
1673 2372 1789 2412 audi-

473 2433 529 2464 Vll
550 2439 571 2464 C
589 2456 598 2466 .

421 2479 648 2518 Contendit
677 2479 854 2530 denique
884 2479 1068 2520 copulam
1106 2481 1198 2519 satis
1218 2481 1380 2520 ex'cludi
1400 2493 1444 2520 ex
1472 2482 1635 2526 jurata,
1671 2487 1787 2517 tuma

474 2530 613 2570 Mariae
646 2533 798 2576 Anuae,
823 2541 910 2569 tum
943 2532 1150 2571 Dominici
1181 2533 1428 2580 depofitione
1457 2547 1471 2572 ,-
1515 2534 1653 2581 Atque
1693 2529 1782 2568 hinc

473 2583 685 2622 concludit
706 2610 718 2628 ‚
739 2585 894 2622 nullum
913 2595 979 2623 eos
1000 2584 1104 2623 inter
1121 2584 1250 2624 adeffe
1265 2584 1479 2624 affinitatis
1506 2584 1779 2632 impedimen-

474 2640 563 2671 tum
580 2649 594 2674 2·
613 2635 861 2688 proindeque
877 2636 923 2675 ad
944 2637 1187 2676 removenda
1219 2636 1400 2677 scandala
1417 2663 1429 2684 ,
1454 2632 1785 2688 legitimandam-

1704 2694 1782 2733 que
