1914 2935
437 125 510 162 1⁸4
933 122 968 153 7.
992 105 1240 157 Jttlii·1'77t.
1353 158 1359 161 ἡ

428 167 614 218 quolibet
632 166 698 204 dte
719 163 933 201 Adventus
949 161 996 196 ad
1016 159 1128 197 diem
1158 157 1282 207 usque
1298 155 1506 197 Paschatis
1531 160 1685 209 Regum
1707 162 1767 201 in*-

427 219 581 260 clufive
596 241 608 260 ‚
631 229 704 256 uec
723 228 801 253 non
832 213 961 252 etiam
977 210 1328 259 Quadragefiman
1346 219 1535 258 tempore
1563 213 1612 251 ad
1633 221 1766 252 totam

426 272 614 312 ostavam
632 267 836 308 Paschatis
851 262 1174 305 Resurrestionis
1193 261 1363 302 Domini
1378 263 1511 304 Nostri
1534 262 1562 303 1.
1578 263 1643 308 C.‚
1661 265 1769 314 pari-

429 335 574 374 terque
604 323 642 360 in
659 319 944 360 festivitatibus
965 316 1225 355 pentecostes
1241 338 1254 358 2
1287 316 1324 354 in
1356 315 1622 357 solemnitate
1661 317 1768 356 Cor—-

428 377 539 427 poris
555 373 701 413 Christi
717 399 730 417 ‚
746 372 784 412 in
819 372 940 412 festis
959 367 1241 418 Apparitionis
1261 391 1274 410 ‚
1291 369 1330 408 Sc
1348 367 1639 408 Dedicationis
1664 369 1768 409 San-

430 430 484 469 {ti
503 425 724 466 Michaelis
745 423 1023 474 Archangeli,
1052 420 1090 461 δι’
1109 420 1276 459 demum
1307 421 1344 459 in
1366 420 1672 462 Festivitatibus
1691 422 1768 462 As-

427 479 673 528 sumptionis
690 477 730 518 B.
749 477 809 516 M.
830 476 879 516 V.
899 503 913 522 ,
943 487 987 515 ac
1005 474 1044 514 S.
1064 472 1237 513 Andreae
1258 474 1685 526 Apostoli,earumque
1710 485 1775 514 re*

436 531 799 584 speftivisioftavis
817 560 827 571 .
1621 527 1624 530 “

382 589 457 627 Per
473 589 534 625 sex
551 587 667 632 supra
683 595 811 622 annos
840 580 1108 633 quadraginta
1128 579 1314 620 Ecclefiae
1333 579 1600 620 laudabiliter
1618 607 1630 626 ,
1651 581 1690 620 Sc
1710 582 1770 620 as-

433 640 544 679 fiduo
564 635 748 677 inserviit
772 636 1003 675 Canonicus
1021 633 1331 681 Christopharus
1346 633 1486 673 Mosca
1502 660 1514 678 ,
1542 634 1657 673 annis
1690 634 1768 674 ita*
1807 650 1812 660 ·

436 705 514 744 que
537 689 672 740 gravis
687 688 944 734 jubilationis
975 686 1097 733 petiit
1115 686 1320 724 indultum
1337 715 1346 724 .
1380 686 1582 725 Petitioni
1602 695 1770 726 contra-

435 745 540 784 dixit
567 742 805 790 Capitulum
824 767 837 785 ,
868 753 918 779 ne
948 742 1024 777 hoc
1058 750 1209 776 novum
1241 740 1472 786 exemplum
1498 751 1592 777 cum
1610 738 1769 778 servitii

437 796 623 837 Ecclesiae
644 794 900 834 detrimento
934 791 1198 830 induceretur
1218 819 1227 829 .
1251 789 1370 830 Nunc
1402 792 1569 837 proinde
1601 793 1687 837 jura
1703 791 1770 830 sua

438 850 672 889 deducente
687 855 858 896 utraque
878 845 1023 889 Parte,
1053 843 1249 894 quaeritur
1266 855 1361 882 num
1394 842 1670 895 indulgenda,
1703 843 1773 883 vel

442 899 676 950 deneganda
693 900 739 938 fit
754 899 949 944 jubilatio
967 927 976 937 .

398 955 533 1006 lnquit
560 951 790 994 eanonicus
805 950 1114 1000 Christopharus
1132 951 1291 989 nullum
1310 949 1387 989 esse
1415 951 1583 990 dubium
1613 951 1662 990 de
1678 961 1771 990 con-

442 1011 587 1051 nouo,
617 1006 654 1044 Sc
682 1004 875 1043 laudabili
906 1003 1076 1044 servitio
1105 1014 1174 1047 per
1209 1004 1444 1051 longaevum
1463 1003 1679 1042 decursum
1697 1015 1772 1040 an-

443 1072 586 1099 norum
605 1063 668 1104 46.
688 1070 709 1095 a
726 1058 763 1095 se
778 1057 979 1105 praestitos
1010 1055 1076 1096 fibi
1096 1055 1249 1093 idcirco
1286 1055 1573 1104 indulgendam
1599 1053 1677 1094 else
1716 1055 1772 1092 in-

442 1112 525 1151 fert
553 1110 982 1158 jubilationemfjuxta
1006 1106 1378 1147 communiffimam
1409 1108 1562 1154 praxim
1607 1108 1764 1154 semper

445 1166 647 1203 servatam
663 1164 709 1201 ab
724 1165 795 1200 hac
811 1161 897 1200 Sac.
912 1160 1242 1209 Congregatione
1269 1161 1378 1199 Card.
1395 1163 1440 1196 de
1466 1162 1551 1197 Luc.
1572 1162 1616 1196 de
1637 1162 1685 1197 Ca
1700 1172 1768 1196 μου.

444 1217 607 1265 όιΥεΛς,
626 1228 767 1253 numa.
788 1239 800 1258 ‚
818 1214 924 1263 'lege
957 1213 1137 1251 Mosaica
1157 1212 1368 1261 cognitam
1397 1222 1441 1251 ut
1471 1225 1515 1251 ex
1535 1211 1622 1250 libr.
1646 1214 1769 1250 Num.

445 1274 561 1318 cap.8.
577 1267 675 1315 vers.
697 1268 818 1310 250&
845 1268 933 1311 jure
951 1265 1068 1304 civili
1085 1266 1298 1314 probatam
1317 1268 1355 1304 L.
1375 1280 1395 1301 a
1416 1266 1622 1302 muneribux
1651 1264 1695 1312 ff}
1729 1266 1775 1300 de

446 1332 566 1360 vacat.
585 1346 597 1365 ,
615 1324 657 1363 ’ἐν
671 1319 791 1367 excufi
809 1333 946 1357 muner.
964 1345 976 1364 ,
995 1322 1038 1362 ὠ·
1054 1319 1080 1357 l.
1107 1332 1137 1356 ι.
1154 1318 1241 1355 Cael.
1261 1320 1306 1355 de
1324 1328 1490 1357 veter-av.

396 1375 540 1414 Inanes
555 1384 650 1411 vero
665 1373 724 1411 ait
741 1371 816 1411 effe
833 1370 1016 1419 Capituli
1046 1369 1310 1418 exceptiones
1327 1400 1336 1408 .
1368 1370 1565 1409 Advertit
1577 1370 1685 1409 enim
1709 1369 1786 1419 Ju-·

449 1425 690 1465 bilationem
708 1424 959 1468 nonintuitu
976 1449 988 1467 ‚
1008 1426 1045 1464 Sc
1064 1436 1110 1463 ex
1141 1424 1257 1463 cansa
1276 1424 1526 1462 infirmitatis
1550 1448 1563 1466 ,
1598 1423 1661 1461 sed
1681 1433 1773 1460 tan-

447 1489 538 1518 tum
554 1478 604 1517 ob
620 1477 986 1526 quadragenarium
1018 1475 1203 1518 Ecclesia:
1221 1476 1437 1515 servitium
1472 1476 1636 1525 largiri.
1668 1474 1776 1514 Affi-

447 1531 654 1571 duitatem
684 1529 844 1569 servitii
875 1540 953 1567 non
985 1531 1140 1582 requiri
1173 1529 1448 1568 materialiter
1476 1553 1490 1571 ‚
1524 1538 1568 1568 ut
1600 1541 1776 1578 nempe.)

450 1582 636 1634 quolibet
652 1581 719 1622 die
735 1583 824 1633 quis
855 1582 1038 1623 Ecclefiae
1067 1581 1333 1628 inservierit,
1363 1582 1430 1621 sed
1449 1583 1510 1620 sat
1540 1581 1615 1620 effe
1642 1591 1685 1619 ut
1718 1594 1775 1618 m-

452 1635 764 1680 servieritjuxta
785 1636 921 1674 stilum
936 1661 948 1681 ,
967 1636 1005 1676 Sc
1021 1635 1361 1676 consuetudinem
1381 1635 1562 1673 Ecclesiae
1577 1664 1586 1673 .
1604 1634 1775 1680 Septem

451 1700 551 1727 vero
563 1685 823 1735 Capitulares
839 1687 972 1728 adhuc
1004 1689 1189 1729 Ecclesiae
1206 1687 1376 1727 servitio
1393 1689 1530 1735 praesto
1550 1684 1629 1727 esse
1647 1712 1658 1732 ‚
1680 1699 1778 1734 quo-

455 1751 543 1778 rum
561 1751 751 1778 numerus
767 1740 944 1787 inspefra
962 1742 1043 1780 loci
1059 1768 1073 1787 ‚
1109 1743 1147 1781 St
1168 1741 1350 1780 Ecclefiae
1367 1740 1573 1787 qualitate
1589 1738 1777 1779 abund-:2

455 1790 658 1833 sufficiens
674 1793 727 1833 est
742 1816 756 1836 s
784 1792 852 1835 vel
875 1794 1031 1833 saltem
1045 1795 1107 1840 jus
1125 1798 1283 1842 semper
1297 1793 1498 1841 Episcopo
1516 1792 1593 1832 else
1627 1793 1777 1838 jubila-

457 1854 521 1901 tos
535 1844 586 1883 ad
605 1844 818 1884 servitium
834 1847 1083 1893 revocandi,
1112 1849 1138 1887 fi
1169 1846 1353 1886 Ecclefiae
1369 1845 1588 1885 servitium
1607 1870 1620 1888 ‚
1637 1856 1681 1883 ac
1711 1843 1774 1882 di·

455 1907 575 1936 vinus
592 1897 729 1936 cultus
745 1898 1048 1939 detrimentum
1065 1901 1247 1950 patiatur
1262 1929 1271 1938 .
1302 1898 1481 1938 Demum
1511 1899 1576 1937 fibi
1615 1908 1692 1934 non
1713 1908 1786 1935 no-

461 1960 555 1988 cere
573 1971 585 1991 ‚
611 1949 638 1987 fi
655 1958 751 1989 ante
765 1952 840 1991 hoc
862 1960 1025 1997 tempus
1037 1965 1160 1993 nemo
1185 1965 1233 1993 ex
1246 1951 1553 2000 Capitularibus
1573 1948 1785 1987 indultum

460 2000 718 2046 jubilationis
734 2003 905 2052 petierit
920 2031 932 2049 ,
950 2006 1058 2055 quod
1074 2008 1183 2047 recte
1199 2012 1340 2055 petere
1356 2001 1564 2051 potuisset,
1581 1999 1710 2040 necin
1729 2001 1790 2040 sui

458 2053 655 2111 damnum
670 2056 915 2098 vertendum
932 2056 1009 2097 effe
1027 2083 1041 2103 ‚
1055 2059 1082 2097 fi
1111 2058 1253 2098 caeteri
1267 2054 1528 2103 Capitulares
1554 2064 1602 2094 ex
1623 2053 1788 2102 propria

461 2106 580 2154 culpa
600 2117 639 2143 m
657 2115 780 2146 cantu
798 2108 1052 2157 Gregoriano
1069 2124 1147 2149 non
1162 2112 1237 2148 sint
1257 2107 1406 2148 versati
1425 2137 1435 2145 .

408 2158 567 2198 Contra
597 2155 836 2215 Capitulum
857 2159 1019 2209 inquit,
1045 2162 1161 2200 nullo
1177 2162 1266 2206 jure
1287 2168 1454 2198 cantum
1483 2157 1561 2199 esse
1577 2183 1589 2202 ,
1613 2168 1658 2196 ut
1691 2171 1790 2208 qua-

461 2209 745 2259 dragenanum
772 2211 987 2250 servitium
1013 2213 1251 2252 habentibus
1280 2211 1474 2257 jubilatio
1505 2213 1551 2249 sit
1583 2210 1792 2261 indulgen—

463 2262 514 2301 da
532 2269 555 2310 ,ζ
577 2262 658 2300 imo
675 2262 794 2300 sacris
812 2263 1030 2303 canonibus
1051 2265 1327 2314 praescriptum
1343 2262 1421 2303 effe
1440 2289 1452 2307 ,
1486 2273 1532 2302 ut
1551 2263 1704 2302 affiduo
1722 2288 1735 2307 ‚
1753 2264 1791 2304 ἃ

464 2316 621 2362 semper
655 2313 839 2354 Ecciefiae
868 2316 1091 2357 inserviant
1117 2319 1256 2356 Bened.
1272 2317 1381 2355 XIV.
1404 2318 1450 2354 de
1477 2317 1614 2365 Synod.
1634 2316 1790 2366 Diaecefi

464 2368 596 2414 libam
615 2374 743 2414 cap.9.
770 2381 865 2407 num.
889 2379 948 2412 15.
980 2369 1105 2409 Porro
1135 2370 1394 2409 Canonicum
1423 2367 1792 2417 christopharum„

468 2419 586 2458 nullo
624 2417 816 2467 Corporis
850 2421 986 2468 vitio,
1014 2423 1084 2464 vel
1113 2422 1273 2462 infirma
1302 2421 1545 2461 valetudine
1573 2421 1758 2460 laborare
1777 2445 1793 2465 ,
1815 2436 1835 2443 ··

466 2472 660 2531 rec‘teque
676 2470 781 2520 posse
810 2473 883 2512 sua·
896 2473 1095 2514 seneftuti
1113 2486 1330 2515 occurrere
1346 2473 1413 2512 fibi
1427 2471 1689 2513 adsciscendo
1706 2472 1791 2512 Co-

467 2524 701 2581 adj-utorem
717 2549 731 2568 ‚
748 2525 845 2576 quin
862 2526 1080 2566 Ecclefiam
1093 2528 1235 2567 debito
1252 2528 1390 2577 privet
1409 2525 1583 2566 servitio
1600 2537 1672 2575 per
1685 2524 1793 2572 jubi-

466 2576 669 2634 lationem
681 2603 694 2624 e
715 2576 891 2619 Nullam
908 2579 1001 2619 ideo
1017 2581 1260 2632 aequitatem
1276 2591 1423 2628 cogere
1441 2606 1455 2626 ,
1472 2589 1519 2620 ut
1531 2589 1626 2617 cum
1643 2577 1791 2618 Eccle-

469 2627 530 2667 fiae
545 2627 802 2673 detrimento
819 2631 857 2672 ei
871 2632 919 2674 fit
938 2632 1186 2685 indulgenda
1197 2632 1390 2680 jubilatio
1405 2660 1416 2672 .
1707 2677 1774 2719 Ad

403 2721 411 2782 l
